2648 4792
288 240 292 257 ⁴
308 200 320 245 l

530 216 605 319 j?
764 268 798 296 ιι

207 509 243 570 et
266 492 334 569 tib.
352 492 401 567 X.
428 518 463 566 v.
489 488 566 568 298
590 510 689 591 sqq.
725 472 896 583 Myrrhae
922 501 1031 590 pater
1051 486 1187 564 ovidio
1214 506 1272 567 est

31 620 32 625 ’
101 658 103 664 .
149 615 152 623 ’
206 597 372 693 Cinyras,
398 593 463 668 sed
485 607 694 696 portentose
718 590 829 665 nimis
846 588 998 686 Myrrha
1023 591 1134 665 arhor
1186 595 1270 668 arit.

206 699 293 800 Cap.
320 697 528 795 XXXVIII.
563 711 600 770 et
630 693 698 768 lib.
727 694 793 767 XI.
824 686 861 768 r.
894 692 980 767 346·
994 718 1075 803 sqq.
1111 619 1197 770 coII
1232 723 1275 772 u.

205 801 391 900 266616.-
420 800 539 873 Maius
560 811 812 870 ornamentum
835 794 983 868 salsulae
1003 797 1153 870 'addidit
1176 795 1274 873 Ovi-
1320 843 1322 846 >

88 930 101 946 ’·
205 903 302 982 dius.
333 901 472 976 ‘Peleus
499 897 615 974 Phoci
639 899 752 972 caede
778 899 970 971 commissa
997 898 1273 996 abisaacey-

207 1031 301 1091 cem,
330 1002 554 1097 Trachiniae
580 1027 717 1101 regem,
743 999 808 1075 sed
829 1000 925 1074 celat
950 1001 1101 1077 crimen.
1151 1003 1273 1076 Mater

206 1107 343 1200 Phoci,'
361 1095 566 1189 Psamathe',
593 1104 705 1178 Nerei
722 1103 812 1195 filia,
837 1102 1000 1176 nondum
1018 1105 1161 1209 placata
1186 1131 1273 1178 mu-

206 1209 381 1303 neribus,
416 1209 546 1310 lupum
579 1207 687 1280 illum
718 1205 885 1278 immittit
917 1207 1090 1280 armantis
1117 1202 1272 1302 ¹Ceycis,
1313 1240 1316 1245 ·

137 1330 146 1355 ⁸
206 1314 275 1413 qui
305 1312 456 1387 Peleum
476 1309 604 1384 :caede
636 1306 820 1410 pollutum
861 1304 1026 1409 hospitio
1064 1325 1271 1411 exceperat.
1314 1400 1319 1408 ,

166 1446 173 1467 ’
206 1415 287 1490 Dea
317 1412 464 1486 nonnisi
478 1410 747 1486 sintercedante
773 1407 935 1484 Thetide
969 1412 1066 1484 iram
1098 1411 1270 1514 deponit,

205 1516 356 1592 tandem
386 1515 428 1588 in
459 1513 622 1615 lapidem
653 1512 783 1614 lupum
816 1513 1018 1588 convertit·
1048 1512 1143 1616 ·Cap.
1169 1515 1270 1591 XLI.

69 1660 74 1709 χ
205 1635 245 1694 et
269 1617 344 1692 lib.
363 1617 438 1691 VII.
462 1643 498 1691 v.
526 1617 707 1715 6902sqq.
758 1615 982 1690 Felicissime
1005 1612 1110 1690 haec
1140 1615 1272 1691 fabula

126 1753 127 1756 ¹
206 1721 257 1796 ab
281 1719 417 1796 ovidio
442 1719 482 1792 in
506 1718 638 1792 melius
666 1733 720 1791 est
744 1733 893 1812 mutata,
920 1717 1020 1817 quod
1037 1719 1103 1791 ‘vel
1126 1720 1270 1820 primus

204 1824 263 1900 rei
289 1821 623 1923 adspectusdocet.
650 1820 745 1893 Nam
766 1819 948 1923 Cephalus
968 1821 1047 1923 ipse
1072 1821 1130 1894 ihi
1154 1836 1270 1897 tentat

23 1952 27 1960 ’
105 1956 109 1969 ’
204 1925 394 2002 Procridis
418 1923 530 1997 fidem
554 1937 693 1999 mutata
718 1923 854 2023 figura3
888 1922 1088 2001 secundum
1112 1924 1272 1998 Antoni·

205 2053 297 2104 num
329 2053 396 2129 per
427 2052 575 2100 servum
606 2028 775 2125 ignotum
809 2026 927 2127 pretio
967 2046 1049 2099 eant
1082 2025 1270 2104 sollicitat.

205 2128 343 2207 Ovidio
368 2156 404 2203 v.
420 2128 508 2204 745.
534 2152 558 2202 a
576 2126 737 2230 Cephalo
762 2127 920 2230 profuga
936 2130 1080 2202 Procris
1103 2129 1144 2202 iu
1160 2155 1272 2202 mon-

56 2222 61 2235 *
166 2254 168 2259 '
205 2231 308 2307 tibus
333 2246 429 2304 errat
454 2246 536 2305 eta
559 2231 677 2304 Diana
701 2230 865 2305 iaculum
890 2245 927 2304 et
952 2256 1081 2304 canem
1112 2226 1280 2306 mirabi-·

188 2333 282 2408 'lem
306 2334 402 2406 dono
430 2332 583 2435 accipit3
611 2332 710 2434 apud
722 2333 946 2406 Antoninum
963 2335 1102 2407 monita
1119 2334 1271 2408 oraculo

96 2472 99 2477 ·
174 2492 177 2511 .
205 2438 254 2511 ad
278 2439 440 2511 Minoem
465 2462 503 2508 sc
532 2435 673 2509 confert
698 2451 734 2508 et
758 2435 808 2507 ab
834 2461 877 2508 eo
904 2434 1069 2508 donatur·
1085 2436 1208 2510 iaculo
1234 2451 1296 2511 et·

206 2565 308 2632 cane,
328 2538 376 2611 ob
396 2564 559 2612 caussam
577 2539 699 2611 minus
716 2538 887 2613 decenter
902 2538 1117 2639 expositam.
1155 2540 1271 2613 Porro

204 2642 326 2742 utrIpis
359 2640 444 2730 illa,
480 2642 514 2712 si
546 2643 773 2714 Antoninum
805 2641 953 2732 audias,
980 2639 1284 2742 -AmphitryonIs

204 2759 369 2844 tempore
386 2739 746 2826 Thebanismolesta
763 2755 858 2833 erat3
883 2739 1102 2842 Amphitryo
1124 2741 1272 2845 Cepha-

204 2844 285 2918 lum
311 2868 396 2916 cum
421 2867 522 2917 cane.
537 2842 696 2916 arcessit.
751 2841 883 2916 Melius
908 2843 986 2917 sera
1011 2844 1076 2917 illa
1101 2843 1161 2918 ab'
1177 2843 1287 2922 0v1-'

204 2945 270 3022 dio
296 2970 435 3048 poenae
460 2944 543 3018 loco
577 2944 788 3017 immittitur
802 2944 853 3018 ,in
880 2935 1081 3021 Thebanos
1116 2970 1138 3020 a
1165 2945 1272 3047 The-

108 3138 113 3147 ¹
204 3048 328 3142 mide3
356 3072 480 3122 caussa
505 3061 559 3119 est
576 3043 731 3147 Sphinx
756 3049 889 3142 occisa,
913 3049 1271 3154 adaequatcmpora

204 3165 290 3226 sunt
314 3176 389 3227 non
411 3146 703 3249 Amphitryonis,
730 3149 795 3222 sad
817 3148 965 3252 Oedipi.
1077 3196 1080 3201 -

307 3253 391 3327 Alia
414 3264 668 3353 praeterquam
694 3248 742 3323 ab
769 3250 904 3327 ovidio
928 3254 1117 3352 ingeniose
1144 3253 1273 3331 addita

11 3362 14 3367 ’
80 3430 83 3435 ,
205 3382 285 3430 csse
301 3355 480 3428 videmus.
515 3353 724 3428 Humanam
748 3355 833 3428 saxi
859 3369 922 3428 aut
938 3357 1072 3429 montis
1098 3357 1272 3454 formam,

204 3458 310 3533 euius
330 3456 498 3529 meminit
522 3454 589 3528 lib.
615 3454 713 3528 XIII.
736 3482 773 3529 v.
794 3459 891 3550 713,
918 3483 991 3530 non
1011 3455 1129 3532 habat
1152 3460 1272 3534 Anto-

118 3604 121 3609 ·
202 3562 312 3636 ninus
339 3584 417 3660 cap.
438 3558 503 3632 IV.
555 3558 611 3630 Da
637 3558 795 3659 nuptiis,
827 3580 922 3656 quae
948 3562 1111 3633 maxime
1132 3578 1271 3637 ornant

170 3748 174 3755 ¹
202 3664 328 3738 Iocum
353 3659 577 3753 Oridianum
607 3659 674 3733 Iih.
701 3661 766 3743 IX.
788 3682 828 3734 v.
856 3660 930 3737 685
953 3688 1033 3763 sqq.
1067 3677 1165 3737 tacet
1189 3665 1283 3738 An-·

195 3766 349 3840 'toninus
376 3787 454 3864 cap.
473 3761 588 3836 XVII.
632 3761 733 3855 Quae
761 3760 807 3833 de
824 3763 960 3865 templo
980 3779 1017 3837 ct
1033 3780 1151 3838 statua
1168 3766 1271 3840 Ana-

134 3940 137 3944 .
202 3878 348 3944 xaretes
364 3931 367 3934 .
383 3865 461 3939 sive
494 3863 648 3957 Veneris
680 3863 953 3965 prospicientis¹
978 3867 1077 3968 apud
1111 3867 1272 3943 Salami-

40 4002 42 4012 ·
183 3971 283 4045 mos
312 3965 503 4055 ltnxttt.
527 3992 562 4040 v.
588 3965 676 4040 759.
710 3964 855 4066 prodita
887 3983 991 4062 sunt,
1030 3972 1176 4070 ignorat
1199 3971 1270 4046 ille

201 4098 280 4174 cap.
295 4069 487 4144 XXXIX..
513 4071 604 4142 Item
627 4063 821 4145 historiam
843 4069 901 4143 de·
916 4072 1090 4147 Procride
1108 4071 1168 4151 ab
1193 4064 1270 4146 im-

200 4172 380 4278 prudente
395 4168 556 4275 Cephalo
571 4170 786 4272 interamna
799 4196 912 4275 qupm
926 4171 1088 4275 legimus
1103 4173 1171 4253 lib.
1187 4176 1287 4254 Vttt
