2632 4794
1063 291 1136 348 xxt

57 448 207 551 ¹figurae
232 447 421 526 hnmanae
440 447 563 524 redire
589 472 698 522 nemo
717 458 792 523 non
808 448 919 526 videt.
946 450 1137 532 Succurrit

64 553 196 626 sabula
220 554 267 627 de
292 556 399 631 Batto
424 553 466 627 in
490 550 653 652 lapidem
677 567 927 646 autmontem
956 557 1142 637 transfor..

67 669 177 729 mato.
229 653 339 732 Ovid.
365 657 513 730 Metam.
539 653 607 727 lih.
633 653 676 728 Π.
701 680 740 729 v.
761 655 839 731 705
864 681 946 756 sqq.
980 659 1136 735 Antoni·

66 783 136 832 nus
163 782 243 860 cop.
269 759 407 837 ΧΧΗΙ.
458 758 519 831 Ex
548 752 623 830 hoc
648 755 844 850 discimus,
879 759 1002 858 inquit
1026 762 1137 835 Mell-

65 885 233 934 mannus.
255 885 340 962 pag.
376 857 450 952 34,
501 883 584 933 eam
622 873 803 959 spectasse
844 858 893 932 a'd
932 862 1139 943 Messeniae

61 978 241 1063 montem,
271 964 470 1062 quinctus
496 974 589 1036 esset
613 975 790 1061 tanquam
815 961 918 1036 sedes
946 965 1135 1064 qnondam

65 1064 206 1139 callidi·
220 1063 412 1139 cuiusdam
436 1061 597 1139 hominis
629 1078 667 1137 et
692 1061 938 1158 fraudulenti,
971 1063 1133 1142 Βάττου

64 1165 210 1242 σκοπιαὶ
244 1165 294 1239 ab
322 1190 369 1240 eo
402 1165 533 1240 dictus.
584 1164 627 1239 In
659 1162 732 1240 hoc
764 1160 880 1266 igitur
911 1183 1033 1243 monte
1069 1184 1135 1243 ant

63 1292 199 1342 saxum
224 1266 297 1343 suit
319 1265 521 1344 humanam
538 1248 634 1340 forte
653 1266 812 1342 formam
829 1266 1004 1364 reserens,
1030 1270 1133 1371 qnod

62 1369 127 1443 vel
152 1395 175 1442 a
225 1369 307 1444 leba
333 1369 462 1447 Battus
485 1370 614 1445 vocari
638 1385 791 1471 poterat,
807 1385 881 1460 *aut
904 1373 1026 1473 potius
1052 1399 1136 1449 nro-2

40 1396 310 1574 'tamorplnosis
342 1480 535 1574 podtarum
564 1472 718 1572 ingenio
748 1470 923 1566 debetur,
971 1500 1021 1548 ex
1055 1501 1133 1574 quo

62 1574 239 1674 primum,
265 1576 369 1677 quod
388 1575 434 1651 de
450 1575 549 1650 Batti
563 1573 718 1676 perfidia
740 1589 869 1649 notum
885 1591 975 1671 erat,
1000 1576 1136 1671 mytho·

18 1757 22 1765 ,
63 1675 111 1749 de
136 1677 323 1754 Mercurio
357 1701 486 1778 greges
511 1676 697 1779 Apollinis
723 1676 895 1777 abigente
921 1703 1134 1754 accommoe
1177 1746 1181 1752 .

61 1776 145 1853 (lari
170 1780 302 1881 coepit.
327 1781 448 1855 Huius
467 1781 567 1855 enim
583 1777 705 1874 mythi
728 1782 836 1855 ratio·
849 1779 1012 1856 indicem
1036 1781 1131 1859 furti

61 1879 139 1955 sibi
162 1881 383 1983 postulabat.
409 1881 528 1955 Index
548 1897 671 1955 autem
695 1880 764 1954 ille
785 1907 940 1984 persona
965 1884 1135 1984 primum
1196 1898 1207 1908 “

60 1982 147 2057 licta
166 1984 256 2060 suit:
283 1981 438 2086 posthac
464 1983 612 2062 demum
625 1984 760 2060 Battus.
774 1985 861 2061 aliis
878 1984 1019 2061 fabulis
1037 2001 1133 2065 tunc

59 2085 218 2186 insignis
240 2087 388 2161 videtur
411 2086 632 2163 substitutus
656 2112 746 2163 esse.
863 2162 868 2171 ,
1038 2162 1044 2172 ,
1124 2144 1129 2169 ,

164 2188 373 2290 Cragaleus,
398 2191 433 2265 si
447 2190 680 2265 Antoninum
696 2187 889 2285 audiamus
907 2197 984 2292 cap
1000 2189 1061 2278 IV,
1085 2191 1127 2264 in
1148 2273 1151 2278 ,

41 2283 193 2403 ἐωιιψ
217 2317 420 2367 conversus
441 2291 666 2390 finge-batur2
687 2290 786 2388 quod
805 2292 872 2365 lite
897 2291 944 2364 de
968 2292 1129 2394 imperio
1230 2358 1232 2361 .

57 2407 180 2467 terrae
196 2392 408 2494 Apollinem
431 2393 529 2465 inter
555 2407 590 2465 et
607 2393 766 2468 Dianam
790 2407 827 2475 et
842 2392 1043 2481 Heronem
1057 2421 1127 2467 ex-

60 2507 143 2567 orta
169 2494 386 2569 constitutus
419 2491 559 2570 arbiter
582 2491 783 2570 Herculem
802 2492 985 2591 victorem
1010 2520 1127 2577 enunf

58 2610 205 2671 mosset.
566 2612 1130 2659 .···.,

161 2697 329 2774 Aetoliae
351 2714 524 2802 stagnum
544 2697 691 2796 Thynia
716 2699 816 2798 (aliis
834 2698 972 2796 Hyrie)
995 2699 1125 2801 cygnis

56 2800 329 2905 frequentatum
347 2818 470 2893 =mater
500 2802 543 2877 fit
568 2803 700 2898 Cycni
718 2801 934 2889 cuiusdam,
982 2803 1051 2977 tplti
1081 2803 1125 2879 in

57 2902 198 2978 olorem
222 2930 349 2979 versus
383 2907 445 2981 sit.
491 2906 712 2980 Proximum
745 2919 824 2985 erat
845 2900 973 2998 Phylli
995 2980 999 2987 ,
1026 2905 1124 2981 ercis

55 3009 478 3102 monumentum,cn1ns
503 3004 607 3083 amor
629 3009 673 3082 in
695 3031 853 3110 puerum
877 3005 1042 3106 aliquem
1065 3004 1125 3081 la-

42 3105 156 3184 ‘bnlis
184 3110 450 3186 celebrabatur.
501 3110 623 3185 Poe'tis
655 3109 729 3186 suit
759 3134 856 3210 puer
883 3107 949 3181 ille
976 3107 1124 3202 Cycnus

56 3235 79 3284 a
105 3213 235 3312 cygnis
259 3214 394 3313 petitus
405 3268 422 3306 „
453 3212 569 3287 mater
601 3212 681 3286 eius
707 3208 853 3306 Thyria
879 3210 1047 3306 (Hyrie)
1071 3238 1121 3287 ex
1200 3290 1209 3299 ,

54 3312 137 3415 ipso
161 3329 290 3415 stagno
314 3313 426 3399 facta,
441 3330 528 3414 'quo
554 3313 712 3388 artificio
733 3312 876 3414 duplen
897 3325 1122 3414 acceperunt

50 3413 358 3518 metamorphosis
390 3431 656 3491 ornamenmm.
715 3410 888 3491 Antonin.
923 3439 1000 3517 cap.
1021 3415 1120 3492 -ΧΠ,

20 3596 22 3601 ,
52 3517 140 3596 coll.
165 3517 275 3612 ovid,
301 3519 447 3594 Metam.
473 3518 544 3597 lib.
569 3518 647 3593 Vll
675 3544 712 3593 y.
739 3519 816 3593 372
839 3542 923 3617 sqq.
1145 3599 1148 3609 ,

61 3692 67 3713 ‚
136 3630 139 3637 '
154 3620 291 3716 Lycios
317 3622 495 3720 quosdam
507 3620 669 3697 rusticos
684 3620 726 3694 in
739 3639 848 3707 canas
863 3632 1024 3692 mutatos
1037 3643 1121 3693 esse.

51 3746 75 3797 a
98 3722 243 3797 Latona
268 3723 370 3825 qnod
385 3734 519 3797 ‘natust
542 3723 750 3799 Antoninus
775 3746 853 3824 cap.
872 3720 1056 3816 mn..
1069 3719 1122 3799 ed.

46 3824 176 3901 locum
201 3841 324 3928 aperte
350 3839 504 3928 spectat,
526 3825 596 3898 nbi
621 3839 658 3900 et
682 3825 825 3899 Latona
850 3823 1117 3917 coleremmt

49 3952 144 4001 vero
170 3928 283 4003 etiarn
298 3929 445 4031 ‚ingens
463 3952 635 4002 ranarum
661 3940 762 4021 esset,
778 3951 962 4001 numerus.
1009 3925 1117 4015 lllell·¹

47 4053 207 4109 mannus
232 4055 316 4134 pag.
342 4033 406 4107 93.
454 4031 536 4127 „Si
561 4028 740 4107 Ovidium
763 4028 911 4123 audias,
936 4027 1031 4113 ratio
1056 4026 1115 4101 sa·

46 4131 168 4234 butue
189 4148 245 4217 est
268 4132 453 4238 expedita.
469 4133 590 4245 linat
599 4127 788 4258 lampedo
805 4129 967 4234 quodam
982 4145 1117 4245 stagno·
