2648 4792
129 334 221 402 ntttn
255 350 258 357 ’

131 510 263 585 ‘locum
274 503 430 581 tenebat
442 494 488 581 N.
503 500 813 600 Heinsius,:nihil
837 501 1083 580 aMunckero
1104 528 1209 582 com

128 598 292 687 'misiam
310 609 404 705 rati,
429 607 530 711 quod
547 634 625 682 non
640 608 775 708 cuique
789 606 897 703 licet,
923 610 1052 711 etipse
1067 606 1210 685 Barke·-

129 704 211 791 ¹diuo
230 708 810 814 inFcagmcntoStephaniano,
836 711 988 785 nonita
1037 712 1157 786 tidem
1184 736 1209 787 a

129 816 328 917 Tennnlio
342 816 459 910 ¹edito,
484 814 647 908 secet-at,¹
662 815 743 887 eius
759 815 940 915 impetum
957 842 974 888 s
1043 816 1208 923 aminare

137 919 418 1015 adnitelmntur,¹
437 919 528 992 dum
544 917 665 991 famae
683 941 771 990 suae
790 916 997 991 consultum
1018 917 1143 1013 vellet,
1171 918 1208 994 ei

135 1023 334 1123 exsequias
352 1020 439 1103 ivit„
491 1018 588 1095 Nam
609 1021 779 1120 sequenti
802 1044 898 1093 anno
925 1045 1013 1094 eoae
1037 1020 1207 1117 editioni,

133 1114 289 1219 mutato,
304 1137 358 1197 -ut
373 1148 468 1197 nove
483 1122 691 1218 videretur,
716 1121 838 1216 titulo,
863 1121 988 1224 plures
1004 1121 1208 1199 submissae

136 1228 389 1303 adnotationes
407 1226 554 1322 adiecit,
574 1225 713 1326 quibus
727 1251 802 1299 non
817 1241 896 1299 tam
911 1240 1100 1300 auctorem
1117 1227 1208 1300 illu-

137 1346 281 1425 straret,
308 1322 637 1430 quam-vellicaret
662 1328 934 1423 adversarium,
961 1354 1074 1428 quem
1098 1354 1209 1430 pera-

137 1434 247 1535 cerbe
266 1433 547 1536 procaciterque
570 1431 722 1505 omnino
742 1432 902 1532 excepit
931 1430 1068 1533 plagii,
1092 1433 1209 1508 insci-
1235 1528 1237 1532 Ι

21 1586 24 1593 -
132 1538 222 1622 tia'e,
239 1552 276 1610 ct
290 1536 537 1639 plurimorum
547 1533 967 1628 errorum-insimulavit,
977 1561 1069 1635 quos
1082 1548 1208 1611 tamen

129 1639 215 1742 ipse
241 1639 494 1737 committebat
520 1637 712 1740 pudendos
733 1651 772 1710 et
792 1636 833 1709 in
851 1636 1036 1712 monibus
1060 1639 1129 1713 vix
1150 1638 1209 1715 fe-

131 1742 280 1818 rendos.
315 1741 389 1816 Sed
410 1739 478 1815 hos
504 1740 616 1815 facile
642 1738 905 1834 condonamus,
931 1741 999 1840 qui
1014 1742 1207 1841 novimus,

136 1870 211 1947 qua
235 1844 584 1920 sienusconditione
606 1843 696 1931 nati,
720 1841 831 1916 modo
857 1841 957 1919 absit
976 1843 1097 1918 aliena
1122 1868 1208 1920 cal*—

130 1948 250 2050 pendi
276 1949 454 2049 prurigo,
489 1962 528 2020 et
554 1943 812 2039 humanitatis,
840 1970 956 2045 quam
977 1947 1206 2051 profitemur,

137 2060 354 2143 contemtus,
381 2050 448 2151 qui
471 2065 595 2123 tamen
612 2044 829 2121 Berkelium
848 2048 1014 2150 abripuit
1033 2048 1140 2148 adeo,
1164 2064 1208 2127 ut

129 2154 184 2228 ad
199 2153 367 2228 convicia
381 2154 428 2226 de
443 2150 556 2226 trivio
572 2154 718 2253 ardepta
732 2176 772 2225 se
785 2149 986 2246 demiserit,
1013 2166 1050 2226 et
1066 2153 1207 2228 adver·-

133 2257 230 2332 'aario
246 2255 541 2357 quantumvis-‘se
562 2252 721 2328 doctiori
737 2267 773 2328 et
788 2250 1000 2329 humaniori
1015 2255 1056 2329 in
1070 2282 1208 2360 oppro—

134 2358 263 2435 brium
281 2358 480 2452 obiecerit,
506 2381 601 2457 quae
619 2356 656 2430 ei
674 2382 748 2433 nec
762 2357 855 2431 vitio
873 2372 998 2454 erant,
1016 2384 1095 2434 nec
1109 2362 1206 2435 vetti

129 2474 313 2565 poterant,
339 2486 427 2536 cum
442 2460 564 2562 potius
581 2457 647 2534 hic
666 2484 754 2534 cum
770 2458 920 2534 fortuna
938 2461 1047 2561 queri
1063 2463 1207 2565 potuis-

99 2635 105 2646 ,
133 2580 201 2662 eet,
227 2563 343 2664 quod,
366 2563 439 2664 qui
459 2565 598 2637 maiore
616 2559 761 2638 theatro
778 2562 925 2664 dignus,
949 2563 997 2637 ad
1012 2562 1207 2641 scholasti-

106 2688 223 2767 jcum
246 2666 443 2768 pulverem
468 2666 661 2738 damnatus
687 2680 791 2738 esset,
852 2668 952 2740 Hinc
978 2668 1149 2768 puerilia·
1169 2682 1207 2743 et

133 2768 289 2845 liberali
301 2764 452 2839 homine
473 2767 640 2869 indigna,
661 2766 798 2866 quibus
811 2769 979 2868 Delphoe
993 2772 1049 2865 ad
1065 2772 1207 2846 Gordu-

135 2869 235 2946 lonie
241 2873 409 2963 faecem,
429 2866 495 2942 ubi
508 2867 716 2943 Munclceri
736 2870 1024 2946 observatione
1039 2872 1081 2947 in
1095 2876 1208 2953 ecte

134 2971 272 3051 laetico
292 2974 450 3073 pulvere
474 2980 591 3045 notae
615 2982 754 3065 coeant,
780 2973 957 3049 Phocicia
983 2992 1206 3078 opponeret;

71 3110 74 3115 ·
129 3075 317 3181 perlevi-c
335 3085 529 3176 sceptrum
541 3087 614 3150 non
629 3072 922 3173 intelligendum
933 3083 1207 3176 eeaejerulom,

78 3260 84 3267 ,
129 3181 189 3254 ud
204 3177 407 3280 imperium
420 3175 462 3252 in
473 3204 610 3279 puetoe
623 3170 887 3279 pertinentem,
900 3197 1083 3256 moneret:
1098 3184 1207 3259 Mun·

134 3280 289 3370 ckerum
308 3291 642 3382 praetextatomm
668 3279 900 3380 magistrum
927 3284 1143 3385 appellaret,
1170 3300 1207 3361 et

7 3428 9 3432 ν
132 3385 277 3485 ubique
296 3385 343 3458 ad
357 3384 484 3458 infima
499 3383 892 3480 subsellia-damnaret,
910 3411 1004 3486 quae
1018 3400 1122 3462 tanto
1137 3389 1208 3462 mi·

130 3504 206 3562 nuc
224 3486 389 3582 ferenda,
407 3513 481 3589 quo
496 3489 623 3589 magis·
636 3501 789 3573 constat,
809 3488 980 3562 eumdem
997 3485 1099 3565 hunc
1113 3491 1210 3585 Ben-
1228 3552 1251 3597 ι.

128 3587 277 3665 ¹laelium
294 3614 441 3664 omnem
453 3592 613 3665 movisse
625 3589 809 3694 lapidem,
833 3606 876 3665 ut
892 3592 933 3665 in
950 3589 1206 3667 Munckeriin

132 3692 215 3796 ipso
235 3693 361 3767 aetatis
380 3693 471 3766 flore
489 3693 567 3768 vita
584 3694 755 3774 ,defuncti
772 3693 897 3769 locum
917 3692 1095 3770 suffectus
1113 3720 1206 3791 con·-

129 3797 255 3870 temtis
272 3796 352 3895 iotis
369 3794 530 3896 Delphis
540 3799 680 3893 semla
698 3795 901 3897 imperium
920 3795 963 3871 in
978 3824 1118 3898 puerve
1133 3810 1206 3873 eci-

130 3896 280 3977 erueret
289 3909 624 3998 praetextatorum
638 3898 836 3997 mogieten,
854 3900 1001 4002 quando
1019 3924 1088 3975 nec
1102 3896 1206 3976 mor'-

120 4000 202 4081 'tuo
224 3998 441 4077 huicleoni
467 4003 644 4095 insultare
672 4003 804 4099 desiit,
830 4017 872 4076 ut
897 4005 938 4076 in
960 4003 1204 4097 Dedicati'oue

130 4104 277 4179 ieiunae
298 4102 400 4201 illiue
415 4106 576 4207 Epicteti
594 4100 776 4179 Edittoni's
793 4105 1002 4179 videre‘est.

128 4234 137 4265 2
182 4224 202 4267 -2
223 4203 398 4303 Ethaec,
416 4232 642 4311 quamquam
658 4209 707 4285 ad
716 4228 876 4312 scopum
889 4203 1129 4285 meumnihil
1145 4222 1201 4282 at-
