2648 4792
13 1043 188 1194 Osi.
199 1117 226 1192 I.
281 1025 504 1198 Caesetio?
520 1086 722 1219 Ctesylla'
736 1025 868 1190 Julide
874 1113 957 1191 Cei
970 1114 1112 1195 insulae

58 1240 150 1315 urhe
165 1243 259 1312 nata
282 1235 366 1331 'suit,·
383 1236 465 1311 filia
481 1234 753 1310 Alcidanrantis².
790 1226 937 1311 Hane
914 1254 1010 1312 cum
1007 1234 1110 1332 Her*

57 1334 255 1435 mochares
273 1353 506 1432 Atheniensis
533 1344 725 1430 choream
733 1366 840 1456 agere
865 1356 1016 1432 vidisset
1030 1356 1115 1455 Py-s'

56 1477 154 1552 thiis·
169 1477 351 1551 adaram
371 1474 555 1578 Apollinis
582 1463 799 1570 carnaeae,
838 1475 968 1593 (urbs
982 1503 1026 1551 ea
1036 1494 1112 1554 est

56 1597 203 1672 insulae
218 1592 400 1697 eiusdem)
417 1618 549 1669 amore
576 1594 653 1668 eius
679 1607 732 1666 est
750 1588 950 1696 correptus
986 1597 1111 1697 Itaque

57 1720 97 1790 in
122 1717 259 1796 malum
282 1715 469 1815 inscripsit
493 1716 760 1807 iuramentum*
775 1738 847 1812 quo
872 1720 939 1816 per
955 1716 1112 1791 Dianam

57 1839 195 1912 iuraret
210 1837 328 1932 virgo,
351 1859 389 1906 se
409 1831 649 1908 Hermochari
665 1831 891 1908 Atheniensi
897 1825 1110 1937 nupturamt
1113 1891 1116 1895 -

58 1956 97 2030 id
121 1934 259 2029 malum
284 1952 456 2026 abiecit
434 1980 484 2025 ιιι
505 1952 637 2027 fenum
661 1954 836 2045 Dianae,
854 1953 1111 2056 sublatumque
1200 2048 1203 2057 Δ

56 2074 97 2148 id
115 2074 271 2169 Ctesylla
296 2071 405 2171 legit:
430 2072 629 2173 lectoque
617 2074 838 2167 iuramento,
858 2098 943 2173 prae
969 2075 1110 2176 pudore

57 2193 207 2288 abieciq
231 2217 347 2290 neque
374 2192 543 2290 aequiore
568 2191 654 2265 tulit
672 2193 791 2263 animo
819 2214 929 2289 quam
948 2193 1112 2295 Cydippe

57 2312 105 2386 ab
126 2311 280 2402 Acontio
306 2310 466 2410 decepta.
503 2309 695 2382 Caeterum
714 2307 955 2383 Hermochari
975 2308 1113 2412 petenti

56 2431 213 2531 nuptias¹
227 2442 352 2529 pactus
379 2442 432 2500 est
456 2426 682 2520 Alcidamas,
718 2426 935 2526 laurumque
960 2436 1112 2531 tangens

55 2547 265 2651 Apollinem
284 2547 433 2620 iuravit.
476 2546 615 2619 Exacto
642 2559 762 2619 autem
786 2544 1001 2640 Pytlnorum
1024 2557 1114 2624 tem'·

56 2692 167 2769 pore,
205 2665 340 2738 oblitus
373 2665 588 2749 iuramenti,
625 2665 740 2738 filiam
773 2664 877 2737 alteri
892 2667 895 2683 '
910 2652 1113 2771 despondit

57 2787 148 2862 Cum
174 2800 295 2860 autem
321 2783 478 2878 Ctesylla
512 2810 590 2858 rem
606 2816 609 2820 ·
623 2798 765 2860 sacram
790 2784 928 2859 faceret
951 2788 991 2860 in
1026 2789 1110 2863 sano

56 2906 219 2998 Dianae‚²
231 2903 396 3007 repulsae
416 2903 608 3004 impatiens
627 2901 902 2979 Hermochares'
914 2905 1041 2983 eodem
1060 2910 1114 2980 ir·⁴
1205 2889 1207 2897 ’
1232 2902 1238 2909 ’

55 3026 172 3126 rupit:
211 3037 247 3096 et
280 3049 324 3097 eo
360 3036 570 3123 conspecto,
594 3022 767 3117 ·Ctesylla
798 3023 926 3096 divino
952 3025 1113 3125 impulsu

56 3167 217 3216 amorem
243 3144 320 3215 eius
347 3143 529 3243 concepit:
556 3168 668 3241 reque
696 3168 779 3216 cum
796 3144 937 3216 nutrice
964 3156 1113 3245 compo-

56 3264 137 3356 sita,
164 3276 274 3335 noctu
299 3261 394 3336 clam
407 3271 521 3362 'patre
540 3259 700 3336 Athenas
720 3264 919 3362 navigavit,
945 3265 1112 3364 nuptiae-

56 3407 128 3480 que
161 3407 245 3456 cum
278 3377 525 3455 Hermochare
557 3397 642 3455 sunt
675 3380 869 3483 perfectae.
897 3418 900 3425 ·
928 3382 969 3454 Ιιι
1004 3399 1112 3483 partu

56 3516 179 3574 autem
204 3498 362 3592 Ctesylla
395 3488 556 3573 adversa*
580 3526 647 3573 usa
678 3501 909 3606 valetudine,
932 3501 1129 3597 decessits

54 3620 117 3693 dei
141 3619 338 3713 voluntate,
363 3632 514 3720 propter
534 3620 647 3721 patris
665 3622 876 3721 periurium.
895 3582 1037 3694 ·Cuius¹
1051 3645 1113 3693 ca·
1169 3629 1173 3637 '

54 3724 168 3811 darer
194 3764 279 3813 cum
311 3737 358 3810 ad
391 3737 614 3837 sepultorem
647 3737 857 3833 effenetnr3
884 3734 1066 3841 ,columba
1091 3765 1114 3810 e
1220 3749 1222 3754 '

53 3857 243 3959 sandapila
275 3856 451 3940 evolavit,
501 3882 703 3959 corpusque
737 3840 900 3932 mortuae
932 3842 1112 3957 nusquam

56 3977 238 4080 apparuit.
282 3975 492 4052 consulenti
518 4002 627 4078 porro
654 3979 840 4053 oraculum
860 3975 1112 4073 Hermochari‚

55 4095 244 4198 respondit
269 4097 374 4191 deus,
410 4111 451 4170 ut
478 4097 573 4196 apud
599 4096 727 4171 Julitas
754 4099 929 4199 templum
954 4113 1113 4199 poneret,
