2648 4792
211 253 254 320 58

211 454 353 504 sacrum
378 427 512 504 Veneri
539 425 729 523 Ctesyllae
763 427 845 524 Ceis
865 431 975 507 etiam
996 432 1184 510 oraculum
1205 435 1272 510 da-

214 565 294 623 tum
319 564 389 622 est:
416 546 529 648 hique
556 550 756 624 etiamnum
780 550 915 624 Veneri
940 554 1162 647 sacrificant,
1189 555 1273 629 Cte-

212 669 342 765 syllam
368 692 449 742 eam
475 668 708 770 appellantes,
735 669 801 743 alii
823 671 1020 767 Ctesyllam
1035 674 1271 774 Hecaergam.

314 786 401 863 Gar.
426 788 469 861 Π.
505 787 844 886 Meleagridee.
891 789 1034 866 Oeneus
1059 790 1210 866 Porthei
1234 793 1272 867 F.

208 908 337 982 Martis
362 908 406 982 N.
433 907 599 1006 regnavit
625 907 820 1003 Calydone.
855 936 904 984 ex
935 907 1088 985 Althaea
1125 908 1272 984 Thestii

211 1029 287 1101 filia
312 1027 398 1099 tulit
416 1026 523 1120 filios,
549 1026 786 1128 Meleagrum,
806 1026 956 1122 Pherea,
982 1030 1173 1132 Agelaum‚
1196 1031 1273 1104 To·

211 1173 339 1254 neum,
365 1145 638 1241 Clymenum,
619 1162 655 1220 et
678 1143 954 1249 Periphantem:
980 1148 1074 1223 filias
1101 1136 1272 1284 Gargeni,

212 1263 459 1365 Ειιιιιιιιιιιιιι,
485 1266 706 1361 Deianiram,
731 1265 987 1369 Melanippam.
1027 1267 1060 1341 Is
1086 1293 1173 1355 cunr
1197 1270 1273 1370 pri-

211 1386 334 1476 nutias
351 1385 508 1486 frugum
517 1411 594 1505 pro
591 1385 749 1485 regione
768 1385 840 1476 diis
851 1383 1021 1482 offerret,
1048 1385 1186 1482 oblitus
1202 1387 1272 1462 suit

213 1504 377 1595 Dianae.
395 1531 488 1606 quae
513 1506 618 1602 irata,
640 1529 776 1606 aprum
797 1506 962 1601 immisit,
988 1507 1055 1606 qui
1079 1521 1127 1602 et
1138 1521 1272 1602 terram

217 1626 384 1720 vastavit,
411 1640 449 1705 et
471 1618 607 1711 multos
631 1623 827 1700 interfecit
868 1626 1006 1713 Iccirco
1031 1626 1215 1728 Meleager
1238 1641 1273 1701 et

215 1734 456 1846 Thestiifflii
480 1746 625 1821 virtute⁴
637 1745 997 1845 praestantissimose
1017 1745 1170 1823 Graecia
1188 1772 1271 1821 con-

216 1864 413 1971 duxerunt,
437 1864 517 1966 apri
538 1865 616 1962 eius
635 1864 828 1939 occidendi
844 1866 973 1965 gratia.
995 1867 1063 1967 qui
1084 1892 1171 1941 cum
1186 1892 1271 1949 con-

214 1980 409 2081 venissent,
435 1999 476 2082 et,
491 2009 619 2087 aprum
633 1999 832 2080 necassent,
850 1983 1032 2084 Meleager
1050 2011 1179 2080 carnes
1195 1988 1269 2081 eins

214 2103 416 2198 distribuit,
444 2119 554 2206 caput
575 2118 697 2201 autem
714 2119 750 2179 et
771 2102 906 2206 pellem
923 2103 998 2178 sihi
1016 2106 1154 2179 eximia
1168 2131 1270 2208 prae-

213 2224 281 2307 mii
313 2223 395 2297 loco
429 2225 597 2298 servavit.
647 2223 768 2297 Diana
794 2237 933 2319 autem,
965 2224 1098 2329 ira'oh
1124 2225 1271 2319 caedem

213 2345 307 2421 sacri
333 2343 414 2444 apri
430 2357 548 2438 aucta,
573 2344 696 2417 rixam
711 2345 811 2438 ,inter
830 2369 892 2418 eos
916 2344 1102 2418 excitavit.
1128 2344 1271 2431 Etenim

213 2461 361 2547 Thestii
385 2463 455 2536 filii
479 2489 521 2538 ac
546 2462 682 2563 reliqui
701 2462 849 2541 Curetes
866 2461 1001 2563 pellem
1026 2477 1270 2557 attrectarent,

212 2583 408 2687 dimidium
439 2584 686 2717 praemiorum
720 2582 786 2656 ad
800 2609 838 2656 se
872 2582 1052 2683 pertinere
1092 2581 1268 2659 dicentes:

186 2733 188 2738 ·
214 2678 279 2775 sed
295 2701 547 2800 Meleager
511 2729 551 2774 vr
574 2727 619 2773 ea
645 2701 793 2784 ademit,
821 2726 864 2774 ac
889 2701 984 2774 filios
1002 2699 1150 2777 Thestii
1176 2698 1271 2799 occis

214 2821 279 2919 dit.
323 2819 404 2892 Hac
430 2821 616 2893 occasione
641 2818 783 2892 bellum
808 2821 903 2893 inter
930 2819 1077 2895 Curetes
1103 2835 1139 2895 et
1166 2804 1271 2915 Caly-

214 2912 343 3014 douios
378 2952 500 3045 ortum
532 2954 601 3012 est:
621 3028 625 3033 Ι
645 2939 693 3012 ad
725 2939 824 3038 quod
848 2934 1030 3040 Meleager
1062 2941 1271 3033 nouqexiit,

211 3062 334 3162 iratus·
360 3057 408 3133 ob
441 3058 539 3133 diras
565 3057 699 3158 quihus
731 3060 853 3161 ipsum
885 3075 1002 3133 mater
1026 3074 1176 3160 propter
1200 3060 1273 3151 iras

212 3194 312 3253 trum
337 3203 464 3252 necem
489 3179 694 3253 devoverat.
748 3178 841 3253 Cum
874 3193 994 3252 autem
1020 3179 1215 3253 Curetes
1201 3205 1273 3255 ιιιιι

78 3373 80 3378 .
213 3314 331 3372 essent
356 3298 488 3373 urbem
509 3299 663 3400 capturi,
689 3324 785 3373 uxor
807 3298 996 3401 Cleopatra
1022 3299 1059 3372 ei
1083 3301 1272 3407 persuasit,

207 3432 256 3504 vut
292 3401 510 3512 Calydonios
542 3434 715 3492 tueretur.
775 3419 949 3518 Egressus
991 3432 1112 3492 autem
1150 3433 1274 3493 contra

215 3537 385 3629 Curetas,
416 3537 545 3639 penit:
580 3553 738 3612 cremata
771 3563 793 3610 a
823 3552 940 3612 matre
965 3536 1066 3631 face,
1103 3563 1252 3638 quam:
1224 3538 1274 3613 ei

212 3644 358 3733 Partha·
381 3656 565 3739 adeant.
592 3683 677 3732 nam
705 3654 777 3732 hoc
813 3656 929 3736 fatum
953 3657 1139 3759 Meleagro
1164 3657 1274 3733 dede·

212 3794 306 3872 rant,
332 3791 374 3850 ut
387 3777 540 3872 ‚tamdiu
564 3779 726 3869 viveret,
753 3802 864 3877 quam
889 3777 955 3851 diu
976 3776 1044 3851 sax
1068 3779 1140 3852 ista
1164 3775 1273 3876 dura->

216 3912 283 3970 ret.
334 3897 483 3997 Reliqui
515 3898 626 3970 etiam
652 3895 769 3971 Oenei
799 3897 868 3970 filii
900 3898 941 3971 in
972 3920 1097 3998 pugna
1120 3912 1274 3997 mortem

217 4016 468 4116 oppetieruntz·
496 4018 752 4118 maximusque
786 4015 885 4119 apud
909 4015 1128 4110 Calydonios
1154 4016 1273 4104 luctus

217 4133 395 4236 Meleagri
428 4161 537 4212 causa
569 4137 701 4213 extitit.
755 4137 908 4212 Sorores
932 4151 1054 4212 autem
1080 4135 1128 4210 ad
1154 4132 1275 4238 sepul-
