2648 4792
1162 321 1207 390 8⁵
1235 418 1238 425 .

141 476 270 587 fugam
309 485 492 581 fecemmt,
540 487 627 563 solis
661 470 826 562 Minerva
860 505 896 563 et
929 493 1017 566 Jove
1050 494 1199 569 relictis.

141 605 304 711 Typhon
321 612 357 680 'e
378 607 549 706 *vmtigio
567 606 664 681 deos
696 623 750 682 est
782 622 942 684 secutus:
983 638 1109 687 verum
1141 613 1200 686 illi

140 712 337 800 calliditate
361 728 439 823 usi,
477 723 703 827 effisgemnt,
739 723 870 801 babitu
894 728 935 801 in
958 727 1091 806 bestias
1116 759 1198 806 mu-

137 859 248 919 tato:-
280 844 460 948 Apollo·
447 871 506 918 m
521 845 750 946 accipitrem,
788 847 1042 921 Mercurius
1029 875 1070 921 ιιι
1103 849 1195 941 ibin,

137 965 280 1038 Mars
268 993 330 1038 ιιι
343 977 573 1099 squamatum
606 965 761 1065 piscem,
799 966 994 1039 Dianam
1028 967 1195 1063 silurum,

94 1159 104 1173 ,
136 1081 368 1158 Rac'c'hus''1n
394 1076 562 1183 caprum,
595 1083 808 1157 Hercules
796 1109 842 1157 m
860 1081 1073 1181 hinnulum,
1097 1086 1196 1160 Mul-

135 1201 305 1275 ciberm
329 1200 480 1293 bovem,
506 1200 706 1275 Latonam
731 1208 873 1291 mrtem
897 1227 1084 1280 araneum:
1112 1205 1189 1302 alii,
1197 1240 1210 1253 ··

134 1335 191 1430 ut
200 1316 322 1394 risum
345 1319 466 1416 luit,
452 1346 493 1393 ιιι
518 1320 598 1395 alia.
624 1320 694 1394 ubi
714 1296 934 1422 Typhonem
951 1323 1093 1425 Jupiter
1117 1325 1192 1399 sul-
1295 1391 1299 1397 .

133 1422 252 1516 mine
249 1438 433 1540 perculit,
474 1439 604 1512 ardens
630 1436 831 1540 Typhon
818 1467 859 1514 ιιι
876 1465 983 1516 mare
1008 1469 1046 1517 se
1071 1444 1193 1546 ipsum

132 1557 300 1652 abdidit,
323 1557 582 1658 flammamque
607 1559 777 1632 extinxit.
817 1561 961 1661 Jupiter
976 1577 1098 1635 autem
1116 1589 1189 1635 non

130 1675 274 1749 dimisit
304 1700 408 1751 eum:
443 1677 508 1753 sed
539 1678 718 1751 montium
749 1679 951 1753 maximum
975 1670 1129 1753 Aetnam
1154 1685 1191 1759 ei

132 1794 279 1889 iniecit,
313 1797 426 1895 inque
457 1795 750 1870 extremitatibus
782 1797 967 1871 custodem
992 1799 1028 1871 ei
1052 1797 1189 1873 Vulca-

132 1930 221 1987 num
244 1915 430 2015 apposuit:
454 1915 561 2014 isque
585 1915 767 2016 impositis
791 1916 1017 1991 moervices
1038 1914 1209 2018 Typbo·

131 2033 189 2106 nis
212 2030 567 2108 incudibus-ferreas
592 2033 694 2109 cudit
717 2056 861 2109 massas.
1190 2072 1194 2081 ·

152 2150 321 2226 1‘··²'Gsr.
346 2153 489 2227 XXIX.
527 2146 822 2228 Galinthia's.
869 2148 1186 2230 ThebisProetus

129 2269 243 2349 filiam
266 2267 401 2349 babuit
415 2269 695 2364 Galinthiadem,
720 2272 802 2345 ludi
818 2286 856 2345 et
873 2271 971 2345 vitae
996 2272 1187 2347 sodalitate

126 2389 293 2462 iunctam
309 2388 492 2489 virginem
507 2389 713 2483 Alcmenae,
728 2389 827 2469 filiae
840 2389 1066 2465 Electrionis.
1093 2390 1188 2466 Cum

127 2506 328 2608 parturiret
355 2505 530 2581 Alcmena
561 2506 779 2592 Herculem,
814 2508 948 2582 Parcae
982 2523 1018 2583 et
1043 2507 1187 2583 Lucina

126 2627 169 2700 in
195 2626 349 2726 gratiam
380 2626 532 2700 lunonis
558 2651 639 2700 eant
662 2628 703 2700 in
725 2625 915 2702 doloribus
940 2626 1185 2714 detinuerunt,

128 2743 298 2818 manibus
332 2744 406 2818 suis
439 2745 641 2819 constrictis
673 2745 846 2820 sedentes.
898 2745 958 2820 lbi
983 2744 1186 2822 Galinthias
1295 2800 1299 2811 ·

128 2866 245 2936 verita
280 2889 326 2936 ne
361 2889 410 2936 ex
442 2863 630 2938 doloribus
663 2879 866 2940 moreretur
898 2863 1092 2960 Alcmena,
1137 2866 1186 2940 ad

128 2985 260 3056 Parcas
285 2997 321 3055 et
337 2983 517 3056 Lucinam
542 2966 712 3088 accurrit,
737 2985 913 3057 nuncians
928 2985 1030 3058 lovis
1053 2984 1185 3057 volun-

128 3117 202 3175 tate
227 3128 381 3203 puerum
406 3102 455 3175 ab
477 3103 651 3176 Alcmena
675 3116 783 3203 partu
807 3102 964 3194 editum,
990 3117 1183 3202 actumque

128 3246 206 3295 esse
231 3221 277 3294 de
302 3222 464 3322 ipsarum
487 3219 699 3295 bonoribus.
739 3220 798 3294 Ad
821 3218 892 3295 hoc
918 3221 1182 3322 obstupuerunt

128 3343 273 3433 Parcae,
299 3341 490 3439 statimque
516 3365 644 3414 mamm
666 3337 891 3413 dimiserunt.
940 3339 1045 3414 lllico
1071 3341 1181 3415 ctiam

127 3460 302 3533 Alcmena
327 3458 443 3532 soluta
460 3457 662 3552 doloribus,
687 3457 884 3534 Herculem
902 3472 956 3532 est
976 3460 1096 3534 enixa.
1121 3460 1181 3535 Ad

127 3577 200 3652 boc
230 3579 364 3652 Parcae
404 3575 544 3651 luctum
561 3566 833 3652 instituerunt:
870 3591 908 3650 et
939 3576 1180 3671 Galinthiadi,

126 3696 228 3798 quod
251 3693 414 3770 mortalis
447 3695 533 3769 deas
562 3694 781 3798 decepisset,
814 3696 1063 3796 virginitatem
1094 3695 1181 3805 ade·

126 3831 279 3890 merunt.
293 3817 416 3915 'inque
440 3813 709 3890 fraudulentam
725 3829 956 3889 mutaverunt
972 3812 1095 3898 felem,
1122 3815 1180 3887 vi·

124 3949 272 4034 tamque
304 3935 346 4008 in
378 3933 625 4036 penetralibus
658 3933 922 4026 attribuerunt,
958 3931 1182 4034 foedumque

126 4055 274 4128 coitum
299 4078 385 4126 nam
408 4080 475 4155 per
500 4078 604 4128 aures
630 4052 801 4153 concipit,
825 4065 861 4125 et
886 4051 1019 4127 ecollo
1036 4063 1178 4128 eructa-

126 4189 207 4248 tum
230 4171 369 4247 foetum
394 4156 501 4248 edit.¹
538 4172 641 4249 Hanc
666 4171 787 4247 vultus
811 4172 1047 4249 mutationem
1071 4173 1209 4246 mise-.

233 4368 250 4403 f
