2648 4792
1093 306 1136 377 81

69 476 187 550 boves
201 473 349 553 Admeti
364 471 550 577 pascebat,
571 470 723 549 insidias
738 472 864 548 tendit.
899 474 955 553 Aa
970 479 1131 582 primum

70 594 227 695 quidem
249 593 401 669 canibus
427 605 592 667 armenta
616 591 987 690 eaemstodientibus,
1012 616 1131 675 veter-

68 739 159 786 num
184 713 432 813 anginamque
455 709 640 785 immittit:
664 734 731 784 eae
754 708 891 785 oblitae
915 711 1131 811 boum,·cu-

66 829 278 930 stodiaeq-ue
306 845 411 904 sunt
473 828 632 902 Buculas
672 829 725 902 ita
762 827 965 905 Mercurius
1000 835 1130 937 abigit,

66 948 274 1033 duodecim,
301 962 338 1022 et
362 947 475 1021 boves
500 948 582 1047 iugi
604 948 942 1046 ignaros'oentum,
967 965 1131 1039 taurum

66 1093 140 1167 que
164 1068 321 1141 armenti
340 1067 473 1143 vuum.
498 1064 625 1140 caudis
647 1064 877 1167 singulorum
897 1069 1039 1168 aliquid
1055 1074 1131 1167 syl-

64 1187 195 1262 vestris
220 1186 394 1260 materiae
419 1183 605 1288 appendit,
629 1183 677 1258 ad
692 1175 856 1267 delenda
878 1185 995 1263 boum
1019 1193 1131 1269 vesti-

63 1306 139 1405 gia.
177 1306 336 1405 agitque
365 1320 581 1379 armentum*
603 1328 672 1407 per
706 1303 895 1405 Pelasgos,
937 1304 1128 1408 Achaiam,

61 1421 332 1518 Phthiotidem,
366 1424 583 1518 Locridem,
626 1424 837 1519 Boeotiam,
874 1425 1126 1526 ,Megarensem
1238 1418 1243 1430 ⁸

63 1568 216 1644 agrum,
231 1604 236 1613 .
251 1542 411 1642 indeque
427 1543 484 1617 ‘in
508 1542 799 1644 Peloponnesum
820 1568 888 1644 per
904 1543 1129 1622 ¹Corinthum

62 1678 101 1737 et
127 1663 333 1747 Larissam,
372 1661 539 1762 Tegeam
561 1684 688 1761 usque.
715 1662 802 1735 inde
827 1661 1027 1739 secuudum
1050 1667 1128 1763 Ly·

63 1807 192 1857 cacum
216 1796 255 1855 ot
274 1780 483 1856 Maenalum
502 1796 644 1855 montes
668 1779 853 1882 profectus
879 1804 964 1854 cum
988 1782 1035 1856 iis
1062 1801 1126 1880 est,
1237 1824 1240 1831 «
1287 1771 1291 1783 '

63 1901 311 2004 et·.speculam
335 1899 444 1975 Batti.
465 1898 741 1974 ;.Habitabat.is
763 1900 892 1974 Battus
916 1899 957 1973 iu
982 1916 1124 1978 summo

61 2021 407 2121 scopuli..cumque.
424 2019 664 2094 imeneorum
691 2019 756 2118 qui
780 2021 1125 2123 praeteragebantur

60 2164 190 2212 vocem
215 2137 442 2232 exaudisset,
465 2137 585 2211 domo
611 2164 795 2238 egressus,
820 2139 934 2213 sensit
959 2168 1020 2217 eos
1046 2171 1122 2219 essa

60 2256 237 2331 furtivos:
272 2272 472 2356 pacttuque
498 2272 552 2329 est
576 2256 743 2331 mercede
769 2255 976 2344 silentium,
1004 2261 1102 2335 de''
1074 2292 1122 2338 us

59 2375 251 2449 reticendi
277 2399 359 2448 eam
376 2375 585 2449 Mercurius
618 2375 738 2448 iurato
764 2399 802 2449 se
828 2376 967 2449 nemini
992 2377 1038 2450 de
1062 2377 1121 2455 his

58 2495 260 2594 quicquam
292 2493 501 2569 relaturum
526 2493 632 2565 Batto
664 2491 867 2595 stipulatur
918 2493 1121 2574 Mercurius

58 2639 145 2713 cum
182 2625 244 2684 eas
279 2611 320 2684 in
353 2610 564 2713 speluncam
580 2611 740 2685 =Prionis
775 2610 822 2684 ad
858 2610 1120 2714 Coryphasium

58 2729 262 2815 abdidisset
288 2730 516 2831 compulsas,
551 2755 646 2829 quae
673 2744 726 2803 est
752 2755 772 2802 e
797 2730 945 2828 regione
972 2734 1120 2810 Siciliae

56 2863 93 2924 et
108 2848 248 2923 Italiae:
274 2849 321 2923 ad
345 2850 493 2923 Battum
509 2864 648 2924 mutata
672 2847 791 2925 forma
816 2851 1024 2948 revertitur,
1049 2881 1146 2956 pe*-

55 2967 414 3063 rioulumlacturtu,
440 2995 486 3041 an
509 2970 541 3042 is
567 2970 812 3042 iuramentum
837 2986 930 3044 esset
954 2988 1119 3047 servatu-

54 3114 129 3160 rus.
156 3088 239 3161 data
265 3112 351 3188 ergo
377 3086 555 3162 mercedis
574 3088 656 3161 loco
684 3084 846 3181 chlaena,
871 3104 1116 3189 percontatur,

55 3231 150 3279 anne
174 3205 327 3281 furtivas
352 3205 465 3280 hores
484 3207 697 3307 ,praeteragi
723 3202 902 3282 vidisset?
948 3207 1007 3280 lbi
1031 3207 1124 3282 Bat-·

54 3339 115 3398 tus
141 3321 292 3399 ohlaeua
319 3334 468 3427 accepta
484 3323 665 3399 indicium
681 3323 843 3398 facit-de
862 3325 993 3400 bobus.
1020 3327 1117 3402 Mer-

54 3443 177 3537 curius
202 3430 518 3544 bilinguemeum
543 3469 619 3517 esse
646 3442 797 3541 indigne
822 3443 961 3539 serens,
988 3445 1116 3521 adacto

51 3562 187 3637 haculo
218 3564 260 3634 in
293 3578 425 3637 saxum
457 3577 672 3656 commutat,
710 3561 809 3661 quod
843 3578 878 3636 et
912 3556 1045 3662 frigori
1080 3581 1115 3636 et

53 3682 171 3755 aestui
196 3683 296 3756 omni
322 3697 375 3755 est
401 3681 616 3756 obnoxium·
652 3681 774 3755 Locus
799 3679 919 3755 adhuc
936 3679 1046 3754 hodie
1067 3681 1118 3754 ab

51 3801 101 3876 iis
126 3800 194 3898 qui
217 3815 426 3894 transeunt,
450 3800 551 3873 Batti
576 3799 780 3903 appellatur
805 3799 964 3900 specula.

130 3917 218 3995 Car
235 3919 374 3997 XXIV.
409 3920 727 4020 Ascalaphus.
759 3915 1023 3995 Deciusdem
1044 3886 1137 3996 Ni·

52 4036 193 4111 candri
205 4036 337 4138 Operis
353 4048 488 4135 quarto
509 4036 620 4131 libro,
633 4035 753 4111 etiam
767 4038 838 4110 ltoo
854 4036 1114 4112 desumimus

51 4155 136 4251 Quo
152 4170 315 4258 tempore
333 4157 449 4237 liliam
473 4180 649 4260 quaerens
668 4155 1010 4349 Cemssuoivlprsam
1030 4156 1113 4233 obi·
