<?xml version="1.0" encoding="UTF-8"?>
<!DOCTYPE html PUBLIC "-//W3C//DTD XHTML 1.0 Transitional//EN"
    "http://www.w3.org/TR/xhtml1/DTD/xhtml1-transitional.dtd">
<html xmlns="http://www.w3.org/1999/xhtml" xml:lang="en" lang="en">
 <head>
  <title>
</title>
<meta http-equiv="Content-Type" content="text/html;charset=utf-8" />
  <meta name='ocr-system' content='tesseract 3.04.00' />
  <meta name='ocr-capabilities' content='ocr_page ocr_carea ocr_par ocr_line ocrx_word'/>
</head>
<body>
  <div class='ocr_page' id='page_1' title='image "./gntwnnouliberli00verhgoog_0016.png"; bbox 0 0 2648 4792; ppageno 0'>
   <div class='ocr_carea' id='block_1_1' title="bbox 927 213 1200 293">
    <p class='ocr_par' dir='ltr' id='par_1_1' title="bbox 927 213 1200 293">
     <span class='ocr_line' id='line_1_1' title="bbox 927 213 1200 293; baseline 0.011 -29"><span class='ocrx_word' id='word_1_1' title='bbox 927 213 1200 293; x_wconf 53' lang='lat' dir='ltr'><strong>·rn⁴</strong></span> 
     </span>
    </p>
   </div>
   <div class='ocr_carea' id='block_1_2' title="bbox 47 363 1110 1687">
    <p class='ocr_par' dir='ltr' id='par_1_2' title="bbox 47 363 1110 1687">
     <span class='ocr_line' id='line_1_2' title="bbox 56 363 1100 473; baseline -0.002 -26"><span class='ocrx_word' id='word_1_2' title='bbox 56 397 142 464; x_wconf 72' lang='lat' dir='ltr'><strong>rom</strong></span> <span class='ocrx_word' id='word_1_3' title='bbox 166 386 313 447; x_wconf 82' lang='lat' dir='ltr'><strong>snorum</strong></span> <span class='ocrx_word' id='word_1_4' title='bbox 325 367 506 473; x_wconf 81' lang='lat' dir='ltr'><strong>&#39;praemiis</strong></span> <span class='ocrx_word' id='word_1_5' title='bbox 524 386 577 468; x_wconf 83' lang='lat' dir='ltr'><strong>¹ue</strong></span> <span class='ocrx_word' id='word_1_6' title='bbox 592 363 1100 465; x_wconf 64' lang='lat' dir='ltr'><strong>hunnimundum-nt,</strong></span> 
     </span>
     <span class='ocr_line' id='line_1_3' title="bbox 55 469 1103 572; baseline -0.003 -21"><span class='ocrx_word' id='word_1_7' title='bbox 55 475 166 551; x_wconf 84' lang='lat' dir='ltr'><strong>ficere</strong></span> <span class='ocrx_word' id='word_1_8' title='bbox 185 489 331 549; x_wconf 86' lang='lat' dir='ltr'><strong>conatus</strong></span> <span class='ocrx_word' id='word_1_9' title='bbox 354 489 408 547; x_wconf 87' lang='lat' dir='ltr'><strong>est</strong></span> <span class='ocrx_word' id='word_1_10' title='bbox 426 469 618 548; x_wconf 80' lang='lat' dir='ltr'><strong>Berkelius</strong></span> <span class='ocrx_word' id='word_1_11' title='bbox 637 483 763 572; x_wconf 67' lang='lat' dir='ltr'><strong>parata</strong></span> <span class='ocrx_word' id='word_1_12' title='bbox 780 496 814 547; x_wconf 74' lang='lat' dir='ltr'><strong>n·</strong></span> <span class='ocrx_word' id='word_1_13' title='bbox 827 479 1103 550; x_wconf 73' lang='lat' dir='ltr'><strong>morconrrxvnr</strong></span> 
     </span>
     <span class='ocr_line' id='line_1_4' title="bbox 56 570 1103 673; baseline 0 -23"><span class='ocrx_word' id='word_1_14' title='bbox 56 600 153 650; x_wconf 85' lang='lat' dir='ltr'><strong>nora</strong></span> <span class='ocrx_word' id='word_1_15' title='bbox 177 574 351 652; x_wconf 75' lang='lat' dir='ltr'>Antonini</span> <span class='ocrx_word' id='word_1_16' title='bbox 375 574 546 666; x_wconf 83' lang='lat' dir='ltr'><strong>editione,</strong></span> <span class='ocrx_word' id='word_1_17' title='bbox 572 595 665 670; x_wconf 83' lang='lat' dir='ltr'><strong>qun,</strong></span> <span class='ocrx_word' id='word_1_18' title='bbox 690 570 872 671; x_wconf 86' lang='lat' dir='ltr'><strong>quidquid</strong></span> <span class='ocrx_word' id='word_1_19' title='bbox 893 573 988 649; x_wconf 85' lang='lat' dir='ltr'><strong>boni·</strong></span> <span class='ocrx_word' id='word_1_20' title='bbox 1001 582 1103 673; x_wconf 23' lang='lat' dir='ltr'><strong>,osset</strong></span> 
     </span>
     <span class='ocr_line' id='line_1_5' title="bbox 57 671 1102 776; baseline 0 -25"><span class='ocrx_word' id='word_1_21' title='bbox 57 676 98 751; x_wconf 88' lang='lat' dir='ltr'><strong>in</strong></span> <span class='ocrx_word' id='word_1_22' title='bbox 123 674 356 769; x_wconf 88' lang='lat' dir='ltr'><strong>Munckero„</strong></span> <span class='ocrx_word' id='word_1_23' title='bbox 374 672 533 776; x_wconf 88' lang='lat' dir='ltr'><strong>strophis</strong></span> <span class='ocrx_word' id='word_1_24' title='bbox 562 671 834 751; x_wconf 77' lang='lat' dir='ltr'><strong>fallacibuset-</strong></span> <span class='ocrx_word' id='word_1_25' title='bbox 856 675 1029 751; x_wconf 81' lang='lat' dir='ltr'><strong>conviciis</strong></span> <span class='ocrx_word' id='word_1_26' title='bbox 1046 675 1102 751; x_wconf 86' lang='lat' dir='ltr'><strong>do</strong></span> 
     </span>
     <span class='ocr_line' id='line_1_6' title="bbox 58 770 1104 879; baseline 0.003 -29"><span class='ocrx_word' id='word_1_27' title='bbox 58 779 168 851; x_wconf 83' lang='lat' dir='ltr'><strong>trivio</strong></span> <span class='ocrx_word' id='word_1_28' title='bbox 188 778 338 879; x_wconf 76' lang='lat' dir='ltr'><strong>arreptis</strong></span> <span class='ocrx_word' id='word_1_29' title='bbox 351 775 530 877; x_wconf 83' lang='lat' dir='ltr'><strong>perderet,</strong></span> <span class='ocrx_word' id='word_1_30' title='bbox 555 774 643 847; x_wconf 91' lang='lat' dir='ltr'><strong>adeo</strong></span> <span class='ocrx_word' id='word_1_31' title='bbox 659 775 755 847; x_wconf 90' lang='lat' dir='ltr'><strong>utin</strong></span> <span class='ocrx_word' id='word_1_32' title='bbox 768 770 827 850; x_wconf 87' lang='lat' dir='ltr'><strong>his</strong></span> <span class='ocrx_word' id='word_1_33' title='bbox 847 800 931 851; x_wconf 87' lang='lat' dir='ltr'><strong>curn</strong></span> <span class='ocrx_word' id='word_1_34' title='bbox 946 775 1104 875; x_wconf 73' lang='lat' dir='ltr'><strong>Pavore,</strong></span> 
     </span>
     <span class='ocr_line' id='line_1_7' title="bbox 57 874 1103 979; baseline 0.001 -26"><span class='ocrx_word' id='word_1_35' title='bbox 57 880 287 979; x_wconf 76' lang='lat' dir='ltr'><strong>turpissimae</strong></span> <span class='ocrx_word' id='word_1_36' title='bbox 311 879 418 955; x_wconf 87' lang='lat' dir='ltr'><strong>istius</strong></span> <span class='ocrx_word' id='word_1_37' title='bbox 437 890 560 955; x_wconf 88' lang='lat' dir='ltr'><strong>contra</strong></span> <span class='ocrx_word' id='word_1_38' title='bbox 574 874 797 950; x_wconf 80' lang='lat' dir='ltr'><strong>Dorrillium</strong></span> <span class='ocrx_word' id='word_1_39' title='bbox 808 916 810 921; x_wconf 96' lang='lat'>·</span> <span class='ocrx_word' id='word_1_40' title='bbox 820 877 976 978; x_wconf 85' lang='lat' dir='ltr'><strong>scriptae</strong></span> <span class='ocrx_word' id='word_1_41' title='bbox 992 877 1103 954; x_wconf 64' lang='lat' dir='ltr'><strong>Prae-v.</strong></span> 
     </span>
     <span class='ocr_line' id='line_1_8' title="bbox 59 976 1105 1072; baseline -0.003 -20"><span class='ocrx_word' id='word_1_42' title='bbox 59 979 206 1054; x_wconf 83' lang='lat' dir='ltr'><strong>sationis</strong></span> <span class='ocrx_word' id='word_1_43' title='bbox 225 993 384 1072; x_wconf 80' lang='lat' dir='ltr'><strong>auctore,</strong></span> <span class='ocrx_word' id='word_1_44' title='bbox 409 976 623 1052; x_wconf 82' lang='lat' dir='ltr'><strong>contendere</strong></span> <span class='ocrx_word' id='word_1_45' title='bbox 639 976 816 1053; x_wconf 81' lang='lat' dir='ltr'><strong>videatur.</strong></span> <span class='ocrx_word' id='word_1_46' title='bbox 838 977 911 1055; x_wconf 88' lang='lat' dir='ltr'><strong>Sed</strong></span> <span class='ocrx_word' id='word_1_47' title='bbox 927 1004 1105 1056; x_wconf 43' lang='lat' dir='ltr'><strong>vernoun*</strong></span> 
     </span>
     <span class='ocr_line' id='line_1_9' title="bbox 47 1077 1106 1182; baseline -0.005 -20"><span class='ocrx_word' id='word_1_48' title='bbox 47 1080 304 1162; x_wconf 73' lang='lat' dir='ltr'><strong>‚diae-finibus</strong></span> <span class='ocrx_word' id='word_1_49' title='bbox 328 1079 717 1179; x_wconf 82' lang='lat' dir='ltr'><strong>violatisquicumque</strong></span> <span class='ocrx_word' id='word_1_50' title='bbox 736 1077 884 1155; x_wconf 88' lang='lat' dir='ltr'><strong>landem</strong></span> <span class='ocrx_word' id='word_1_51' title='bbox 906 1095 1106 1182; x_wconf 84' lang='lat' dir='ltr'><strong>aucupatur</strong></span> 
     </span>
     <span class='ocr_line' id='line_1_10' title="bbox 60 1179 1107 1283; baseline 0.004 -28"><span class='ocrx_word' id='word_1_52' title='bbox 60 1207 123 1256; x_wconf 86' lang='lat' dir='ltr'><strong>ex·</strong></span> <span class='ocrx_word' id='word_1_53' title='bbox 135 1180 292 1277; x_wconf 80' lang='lat' dir='ltr'><strong>oliorum</strong></span> <span class='ocrx_word' id='word_1_54' title='bbox 302 1179 543 1274; x_wconf 82' lang='lat' dir='ltr'><strong>detrimento,</strong></span> <span class='ocrx_word' id='word_1_55' title='bbox 567 1195 609 1256; x_wconf 89' lang='lat' dir='ltr'><strong>ut</strong></span> <span class='ocrx_word' id='word_1_56' title='bbox 632 1179 679 1257; x_wconf 82' lang='lat' dir='ltr'><strong>io</strong></span> <span class='ocrx_word' id='word_1_57' title='bbox 690 1204 841 1283; x_wconf 83' lang='lat' dir='ltr'><strong>gravem</strong></span> <span class='ocrx_word' id='word_1_58' title='bbox 856 1181 915 1255; x_wconf 90' lang='lat' dir='ltr'><strong>sui</strong></span> <span class='ocrx_word' id='word_1_59' title='bbox 931 1183 1107 1283; x_wconf 83' lang='lat' dir='ltr'><strong>temporis</strong></span> 
     </span>
     <span class='ocr_line' id='line_1_11' title="bbox 58 1276 1108 1397; baseline 0.003 -39"><span class='ocrx_word' id='word_1_60' title='bbox 58 1279 377 1384; x_wconf 80' lang='lat' dir='ltr'><strong>reprehensionem</strong></span> <span class='ocrx_word' id='word_1_61' title='bbox 386 1276 492 1397; x_wconf 83' lang='lat' dir='ltr'><strong>saepe¹</strong></span> <span class='ocrx_word' id='word_1_62' title='bbox 506 1280 669 1374; x_wconf 77' lang='lat' dir='ltr'><strong>incurrit,</strong></span> <span class='ocrx_word' id='word_1_63' title='bbox 685 1296 911 1382; x_wconf 84' lang='lat' dir='ltr'><strong>posterorum</strong></span> <span class='ocrx_word' id='word_1_64' title='bbox 924 1283 1108 1384; x_wconf 75' lang='lat' dir='ltr'><strong>vituperia</strong></span> 
     </span>
     <span class='ocr_line' id='line_1_12' title="bbox 57 1383 1108 1500; baseline 0.002 -44"><span class='ocrx_word' id='word_1_65' title='bbox 57 1385 198 1464; x_wconf 73' lang='lat' dir='ltr'><strong>orituro</strong></span> <span class='ocrx_word' id='word_1_66' title='bbox 222 1383 361 1500; x_wconf 76' lang='lat' dir='ltr'><strong>nequit.-</strong></span> <span class='ocrx_word' id='word_1_67' title='bbox 375 1383 806 1484; x_wconf 46' lang='lat' dir='ltr'><strong>&amp;rotumam-notans</strong></span> <span class='ocrx_word' id='word_1_68' title='bbox 828 1383 999 1459; x_wconf 84' lang='lat' dir='ltr'><strong>sustinuit</strong></span> <span class='ocrx_word' id='word_1_69' title='bbox 1016 1384 1108 1458; x_wconf 87' lang='lat' dir='ltr'><strong>Ber-</strong></span> 
     </span>
     <span class='ocr_line' id='line_1_13' title="bbox 58 1479 1110 1576; baseline 0.001 -18"><span class='ocrx_word' id='word_1_70' title='bbox 58 1481 201 1576; x_wconf 70' lang='lat' dir='ltr'><strong>lelius,</strong></span> <span class='ocrx_word' id='word_1_71' title='bbox 226 1509 330 1560; x_wconf 78' lang='lat' dir='ltr'><strong>cinus</strong></span> <span class='ocrx_word' id='word_1_72' title='bbox 352 1484 507 1564; x_wconf 78' lang='lat' dir='ltr'><strong>iniurias</strong></span> <span class='ocrx_word' id='word_1_73' title='bbox 522 1479 951 1565; x_wconf 75' lang='lat' dir='ltr'><strong>Munckernslocs&#39;ssitus</strong></span> <span class='ocrx_word' id='word_1_74' title='bbox 975 1485 1110 1563; x_wconf 76' lang='lat' dir='ltr'><strong>decoro.</strong></span> 
     </span>
     <span class='ocr_line' id='line_1_14' title="bbox 60 1584 1107 1687; baseline 0.001 -28"><span class='ocrx_word' id='word_1_75' title='bbox 60 1586 288 1687; x_wconf 81' lang='lat' dir='ltr'><strong>propulsavit</strong></span> <span class='ocrx_word' id='word_1_76' title='bbox 311 1585 352 1661; x_wconf 88' lang='lat' dir='ltr'><strong>in</strong></span> <span class='ocrx_word' id='word_1_77' title='bbox 376 1585 490 1675; x_wconf 82' lang='lat' dir='ltr'><strong>altera</strong></span> <span class='ocrx_word' id='word_1_78' title='bbox 513 1585 662 1684; x_wconf 84' lang='lat' dir='ltr'><strong>Hygini.</strong></span> <span class='ocrx_word' id='word_1_79' title='bbox 678 1584 855 1679; x_wconf 83' lang='lat' dir='ltr'><strong>editione,</strong></span> <span class='ocrx_word' id='word_1_80' title='bbox 886 1587 1107 1686; x_wconf 71' lang='lat' dir='ltr'><strong>posteriores</strong></span> 
     </span>
    </p>
   </div>
   <div class='ocr_carea' id='block_1_3' title="bbox 61 1685 1236 1785">
    <p class='ocr_par' dir='ltr' id='par_1_3' title="bbox 61 1685 1236 1785">
     <span class='ocr_line' id='line_1_15' title="bbox 61 1685 1236 1785; baseline 0.004 -26"><span class='ocrx_word' id='word_1_81' title='bbox 61 1686 341 1762; x_wconf 73' lang='lat' dir='ltr'><strong>verotnntonini</strong></span> <span class='ocrx_word' id='word_1_82' title='bbox 366 1685 520 1785; x_wconf 75' lang='lat' dir='ltr'><strong>editores</strong></span> <span class='ocrx_word' id='word_1_83' title='bbox 538 1685 723 1763; x_wconf 83' lang='lat' dir='ltr'><strong>oblivione</strong></span> <span class='ocrx_word' id='word_1_84' title='bbox 741 1687 1010 1765; x_wconf 72' lang='lat' dir='ltr'><strong>contriverunt</strong></span> <span class='ocrx_word' id='word_1_85' title='bbox 1035 1689 1110 1764; x_wconf 67' lang='lat' dir='ltr'><strong>Itn-</strong></span> <span class='ocrx_word' id='word_1_86' title='bbox 1233 1742 1236 1748; x_wconf 85' lang='lat'><em>-</em></span> 
     </span>
    </p>
   </div>
   <div class='ocr_carea' id='block_1_4' title="bbox 24 1784 1180 3788">
    <p class='ocr_par' dir='ltr' id='par_1_4' title="bbox 60 1784 1114 2395">
     <span class='ocr_line' id='line_1_16' title="bbox 60 1784 1114 1886; baseline 0.008 -27"><span class='ocrx_word' id='word_1_87' title='bbox 60 1811 134 1886; x_wconf 85' lang='lat' dir='ltr'><strong>que</strong></span> <span class='ocrx_word' id='word_1_88' title='bbox 162 1784 393 1882; x_wconf 75' lang='lat' dir='ltr'><strong>Verhe&#39;ylsius</strong></span> <span class='ocrx_word' id='word_1_89' title='bbox 407 1788 564 1866; x_wconf 59' lang='lat' dir='ltr'><strong>,reiectis</strong></span> <span class='ocrx_word' id='word_1_90' title='bbox 581 1786 766 1865; x_wconf 77' lang='lat' dir='ltr'><strong>inficetiis</strong></span> <span class='ocrx_word' id='word_1_91' title='bbox 790 1788 1038 1879; x_wconf 71' lang='lat' dir='ltr'><strong>tandummodo</strong></span> <span class='ocrx_word' id='word_1_92' title='bbox 1064 1813 1114 1868; x_wconf 82' lang='lat' dir='ltr'><strong>ea</strong></span> 
     </span>
     <span class='ocr_line' id='line_1_17' title="bbox 60 1886 1112 1990; baseline 0.006 -27"><span class='ocrx_word' id='word_1_93' title='bbox 60 1888 257 1988; x_wconf 82' lang='lat' dir='ltr'><strong>collegitst</strong></span> <span class='ocrx_word' id='word_1_94' title='bbox 265 1886 773 1988; x_wconf 56' lang='lat' dir='ltr'><strong>retinuit,1quae,d:Munc&#39;kero</strong></span> <span class='ocrx_word' id='word_1_95' title='bbox 784 1888 1112 1990; x_wconf 77' lang='lat' dir='ltr'><strong>obiterioHyg&#39;ino&#39;.</strong></span> 
     </span>
     <span class='ocr_line' id='line_1_18' title="bbox 62 1986 1114 2092; baseline 0.002 -23"><span class='ocrx_word' id='word_1_96' title='bbox 62 1988 111 2069; x_wconf 80' lang='lat' dir='ltr'><strong>od</strong></span> <span class='ocrx_word' id='word_1_97' title='bbox 128 2015 194 2065; x_wconf 85' lang='lat' dir='ltr'><strong>sua</strong></span> <span class='ocrx_word' id='word_1_98' title='bbox 208 1989 283 2065; x_wconf 83' lang='lat' dir='ltr'><strong>sibi</strong></span> <span class='ocrx_word' id='word_1_99' title='bbox 298 1990 518 2069; x_wconf 77' lang='lat' dir='ltr'><strong>vindicanda</strong></span> <span class='ocrx_word' id='word_1_100' title='bbox 531 1991 711 2092; x_wconf 85' lang='lat' dir='ltr'><strong>disputato</strong></span> <span class='ocrx_word' id='word_1_101' title='bbox 731 2005 860 2084; x_wconf 86' lang='lat' dir='ltr'><strong>essent,</strong></span> <span class='ocrx_word' id='word_1_102' title='bbox 877 2017 995 2090; x_wconf 88' lang='lat' dir='ltr'><strong>neque</strong></span> <span class='ocrx_word' id='word_1_103' title='bbox 1014 1986 1114 2071; x_wconf 72' lang='lat' dir='ltr'><strong>aoht</strong></span> 
     </span>
     <span class='ocr_line' id='line_1_19' title="bbox 63 2089 1112 2193; baseline 0.005 -27"><span class='ocrx_word' id='word_1_104' title='bbox 63 2089 203 2193; x_wconf 80' lang='lat' dir='ltr'><strong>placuit</strong></span> <span class='ocrx_word' id='word_1_105' title='bbox 228 2091 421 2192; x_wconf 80' lang='lat' dir='ltr'><strong>glandibus</strong></span> <span class='ocrx_word' id='word_1_106' title='bbox 441 2093 521 2168; x_wconf 84' lang='lat' dir='ltr'><strong>istis</strong></span> <span class='ocrx_word' id='word_1_107' title='bbox 538 2090 764 2183; x_wconf 85' lang='lat' dir='ltr'><strong>Berkelianis</strong></span> <span class='ocrx_word' id='word_1_108' title='bbox 781 2091 951 2172; x_wconf 88' lang='lat' dir='ltr'><strong>meliores</strong></span> <span class='ocrx_word' id='word_1_109' title='bbox 968 2093 1112 2183; x_wconf 74' lang='lat' dir='ltr'><strong>fructus</strong></span> 
     </span>
     <span class='ocr_line' id='line_1_20' title="bbox 61 2192 1112 2292; baseline 0.002 -21"><span class='ocrx_word' id='word_1_110' title='bbox 61 2195 265 2292; x_wconf 70' lang='lat' dir='ltr'><strong>montone.</strong></span> <span class='ocrx_word' id='word_1_111' title='bbox 299 2194 410 2270; x_wconf 76' lang='lat' dir='ltr'><strong>Curae</strong></span> <span class='ocrx_word' id='word_1_112' title='bbox 437 2192 767 2273; x_wconf 85' lang='lat' dir='ltr'><strong>autemMunckeri</strong></span> <span class='ocrx_word' id='word_1_113' title='bbox 783 2193 959 2271; x_wconf 87' lang='lat' dir='ltr'><strong>secundas</strong></span> <span class='ocrx_word' id='word_1_114' title='bbox 983 2196 1112 2275; x_wconf 79' lang='lat' dir='ltr'><strong>asteri-</strong></span> 
     </span>
     <span class='ocr_line' id='line_1_21' title="bbox 62 2294 918 2395; baseline -0.002 -26"><span class='ocrx_word' id='word_1_115' title='bbox 62 2295 134 2371; x_wconf 77' lang='lat' dir='ltr'><strong>scis</strong></span> <span class='ocrx_word' id='word_1_116' title='bbox 158 2295 203 2375; x_wconf 87' lang='lat' dir='ltr'><strong>in</strong></span> <span class='ocrx_word' id='word_1_117' title='bbox 217 2294 382 2372; x_wconf 84' lang='lat' dir='ltr'><strong>¹editione</strong></span> <span class='ocrx_word' id='word_1_118' title='bbox 407 2320 490 2373; x_wconf 87' lang='lat' dir='ltr'><strong>mea</strong></span> <span class='ocrx_word' id='word_1_119' title='bbox 513 2295 713 2395; x_wconf 83' lang='lat' dir='ltr'><strong>significari</strong></span> <span class='ocrx_word' id='word_1_120' title='bbox 736 2295 849 2393; x_wconf 77' lang='lat' dir='ltr'><strong>uolui.</strong></span> <span class='ocrx_word' id='word_1_121' title='bbox 915 2368 918 2375; x_wconf 79' lang='grc'><em>,</em></span> 
     </span>
    </p>

    <p class='ocr_par' dir='ltr' id='par_1_5' title="bbox 24 2388 1180 3788">
     <span class='ocr_line' id='line_1_22' title="bbox 71 2388 1113 2496; baseline 0.001 -24"><span class='ocrx_word' id='word_1_122' title='bbox 71 2450 75 2455; x_wconf 91' lang='grc'><strong>-</strong></span> <span class='ocrx_word' id='word_1_123' title='bbox 116 2435 122 2472; x_wconf 73' lang='grc' dir='ltr'>ε</span> <span class='ocrx_word' id='word_1_124' title='bbox 150 2388 341 2482; x_wconf 81' lang='lat' dir='ltr'><strong>-Omnium</strong></span> <span class='ocrx_word' id='word_1_125' title='bbox 364 2399 498 2496; x_wconf 82' lang='lat' dir='ltr'><strong>optime</strong></span> <span class='ocrx_word' id='word_1_126' title='bbox 515 2397 561 2467; x_wconf 88' lang='lat' dir='ltr'><strong>do</strong></span> <span class='ocrx_word' id='word_1_127' title='bbox 576 2395 758 2473; x_wconf 83' lang='lat' dir='ltr'><strong>Antonino</strong></span> <span class='ocrx_word' id='word_1_128' title='bbox 775 2399 986 2493; x_wconf 89' lang='lat' dir='ltr'><strong>promeruit,</strong></span> <span class='ocrx_word' id='word_1_129' title='bbox 1008 2398 1113 2473; x_wconf 89' lang='lat' dir='ltr'><strong>cuius</strong></span> 
     </span>
     <span class='ocr_line' id='line_1_23' title="bbox 61 2491 1115 2597; baseline 0.004 -26"><span class='ocrx_word' id='word_1_130' title='bbox 61 2494 177 2571; x_wconf 85' lang='lat' dir='ltr'><strong>editio</strong></span> <span class='ocrx_word' id='word_1_131' title='bbox 204 2520 289 2569; x_wconf 89' lang='lat' dir='ltr'><strong>cum</strong></span> <span class='ocrx_word' id='word_1_132' title='bbox 320 2496 462 2594; x_wconf 85' lang='lat' dir='ltr'><strong>integro</strong></span> <span class='ocrx_word' id='word_1_133' title='bbox 493 2491 687 2569; x_wconf 83' lang='lat' dir='ltr'><strong>Munckeri</strong></span> <span class='ocrx_word' id='word_1_134' title='bbox 708 2498 967 2587; x_wconf 80' lang='lat' dir='ltr'><strong>commentario</strong></span> <span class='ocrx_word' id='word_1_135' title='bbox 992 2497 1115 2597; x_wconf 84' lang='lat' dir='ltr'><strong>Lugd.</strong></span> 
     </span>
     <span class='ocr_line' id='line_1_24' title="bbox 61 2591 1115 2696; baseline 0 -23"><span class='ocrx_word' id='word_1_136' title='bbox 61 2597 186 2673; x_wconf 71' lang='lat' dir='ltr'><strong>Baton·</strong></span> <span class='ocrx_word' id='word_1_137' title='bbox 206 2595 486 2673; x_wconf 78' lang='lat' dir='ltr'><strong>cio1occtxxtv.</strong></span> <span class='ocrx_word' id='word_1_138' title='bbox 507 2591 797 2675; x_wconf 78' lang='lat' dir='ltr'><strong>chartisootonis</strong></span> <span class='ocrx_word' id='word_1_139' title='bbox 821 2596 976 2696; x_wconf 88' lang='lat' dir='ltr'><strong>prodiit,</strong></span> <span class='ocrx_word' id='word_1_140' title='bbox 1011 2599 1115 2674; x_wconf 77' lang='lat' dir='ltr'><strong>Hen-</strong></span> 
     </span>
     <span class='ocr_line' id='line_1_25' title="bbox 64 2693 1114 2801; baseline 0.002 -27"><span class='ocrx_word' id='word_1_141' title='bbox 64 2700 163 2775; x_wconf 88' lang='lat' dir='ltr'><strong>ricus</strong></span> <span class='ocrx_word' id='word_1_142' title='bbox 187 2693 440 2792; x_wconf 83' lang='lat' dir='ltr'><strong>Verhey&#39;kius,</strong></span> <span class='ocrx_word' id='word_1_143' title='bbox 464 2697 523 2770; x_wconf 82' lang='lat' dir='ltr'><strong>vir</strong></span> <span class='ocrx_word' id='word_1_144' title='bbox 546 2695 693 2796; x_wconf 82' lang='lat' dir='ltr'><strong>linguae</strong></span> <span class='ocrx_word' id='word_1_145' title='bbox 716 2696 877 2773; x_wconf 85' lang='lat' dir='ltr'><strong>Graecae</strong></span> <span class='ocrx_word' id='word_1_146' title='bbox 901 2700 988 2774; x_wconf 86' lang='lat' dir='ltr'><strong>satis</strong></span> <span class='ocrx_word' id='word_1_147' title='bbox 1001 2702 1114 2801; x_wconf 55' lang='lat' dir='ltr'><strong>*peri-</strong></span> 
     </span>
     <span class='ocr_line' id='line_1_26' title="bbox 64 2796 1115 2900; baseline 0.001 -26"><span class='ocrx_word' id='word_1_148' title='bbox 64 2813 142 2895; x_wconf 87' lang='lat' dir='ltr'><strong>tns,</strong></span> <span class='ocrx_word' id='word_1_149' title='bbox 178 2815 400 2900; x_wconf 83' lang='lat' dir='ltr'><strong>quamquam</strong></span> <span class='ocrx_word' id='word_1_150' title='bbox 433 2796 578 2873; x_wconf 84' lang='lat' dir='ltr'><strong>fortuna</strong></span> <span class='ocrx_word' id='word_1_151' title='bbox 607 2798 756 2875; x_wconf 86' lang='lat' dir='ltr'><strong>illorum</strong></span> <span class='ocrx_word' id='word_1_152' title='bbox 771 2813 991 2900; x_wconf 82' lang='lat' dir='ltr'><strong>temporum</strong></span> <span class='ocrx_word' id='word_1_153' title='bbox 1015 2801 1115 2899; x_wconf 82' lang='lat' dir='ltr'><strong>tulit,</strong></span> 
     </span>
     <span class='ocr_line' id='line_1_27' title="bbox 64 2896 1116 3006; baseline 0.003 -32"><span class='ocrx_word' id='word_1_154' title='bbox 64 2915 107 2974; x_wconf 90' lang='lat' dir='ltr'><strong>ut</strong></span> <span class='ocrx_word' id='word_1_155' title='bbox 131 2901 177 2975; x_wconf 93' lang='lat' dir='ltr'><strong>de</strong></span> <span class='ocrx_word' id='word_1_156' title='bbox 202 2899 313 2976; x_wconf 87' lang='lat' dir='ltr'><strong>rebus</strong></span> <span class='ocrx_word' id='word_1_157' title='bbox 339 2896 560 3001; x_wconf 68' lang='lat' dir='ltr'><strong>quiliusdam</strong></span> <span class='ocrx_word' id='word_1_158' title='bbox 576 2899 820 3006; x_wconf 55' lang='lat' dir='ltr'><strong>grammaticis</strong></span> <span class='ocrx_word' id='word_1_159' title='bbox 840 2900 960 2976; x_wconf 83' lang='lat' dir='ltr'><strong>levius</strong></span> <span class='ocrx_word' id='word_1_160' title='bbox 985 2896 1116 3002; x_wconf 75' lang='lat' dir='ltr'><strong>dispo-J</strong></span> 
     </span>
     <span class='ocr_line' id='line_1_28' title="bbox 65 3000 1116 3086; baseline 0 -9"><span class='ocrx_word' id='word_1_161' title='bbox 65 3016 212 3077; x_wconf 84' lang='lat' dir='ltr'><strong>teretur.</strong></span> <span class='ocrx_word' id='word_1_162' title='bbox 238 3001 395 3078; x_wconf 89' lang='lat' dir='ltr'><strong>Multum</strong></span> <span class='ocrx_word' id='word_1_163' title='bbox 420 3002 530 3074; x_wconf 89' lang='lat' dir='ltr'><strong>etiam</strong></span> <span class='ocrx_word' id='word_1_164' title='bbox 549 3001 662 3075; x_wconf 89' lang='lat' dir='ltr'><strong>studii</strong></span> <span class='ocrx_word' id='word_1_165' title='bbox 680 3000 727 3074; x_wconf 85' lang='lat' dir='ltr'><strong>ab</strong></span> <span class='ocrx_word' id='word_1_166' title='bbox 742 3027 784 3074; x_wconf 86' lang='lat' dir='ltr'><strong>eo</strong></span> <span class='ocrx_word' id='word_1_167' title='bbox 804 3001 1020 3085; x_wconf 86' lang='lat' dir='ltr'><strong>collocatum</strong></span> <span class='ocrx_word' id='word_1_168' title='bbox 1035 3029 1116 3086; x_wconf 77' lang='lat' dir='ltr'><strong>esso</strong></span> 
     </span>
     <span class='ocr_line' id='line_1_29' title="bbox 65 3101 1180 3204; baseline -0.002 -27"><span class='ocrx_word' id='word_1_169' title='bbox 65 3104 232 3185; x_wconf 75' lang='lat' dir='ltr'><strong>ridemus</strong></span> <span class='ocrx_word' id='word_1_170' title='bbox 256 3102 297 3175; x_wconf 91' lang='lat' dir='ltr'><strong>in</strong></span> <span class='ocrx_word' id='word_1_171' title='bbox 313 3103 541 3202; x_wconf 88' lang='lat' dir='ltr'><strong>indagandis,</strong></span> <span class='ocrx_word' id='word_1_172' title='bbox 567 3101 794 3204; x_wconf 86' lang='lat' dir='ltr'><strong>explicandis</strong></span> <span class='ocrx_word' id='word_1_173' title='bbox 813 3118 848 3177; x_wconf 90' lang='lat' dir='ltr'><strong>et</strong></span> <span class='ocrx_word' id='word_1_174' title='bbox 870 3103 1113 3186; x_wconf 87' lang='lat' dir='ltr'><strong>diiudicandis</strong></span> <span class='ocrx_word' id='word_1_175' title='bbox 1176 3168 1180 3175; x_wconf 93' lang='lat'>.</span> 
     </span>
     <span class='ocr_line' id='line_1_30' title="bbox 24 3202 1113 3305; baseline 0.002 -24"><span class='ocrx_word' id='word_1_176' title='bbox 24 3266 38 3281; x_wconf 80' lang='grc'><em>.</em></span> <span class='ocrx_word' id='word_1_177' title='bbox 65 3221 231 3281; x_wconf 83' lang='lat' dir='ltr'><strong>veterum</strong></span> <span class='ocrx_word' id='word_1_178' title='bbox 254 3203 403 3297; x_wconf 83' lang='lat' dir='ltr'><strong>fabulis,</strong></span> <span class='ocrx_word' id='word_1_179' title='bbox 428 3204 469 3279; x_wconf 91' lang='lat' dir='ltr'><strong>id</strong></span> <span class='ocrx_word' id='word_1_180' title='bbox 494 3203 593 3302; x_wconf 93' lang='lat' dir='ltr'><strong>quod</strong></span> <span class='ocrx_word' id='word_1_181' title='bbox 612 3205 751 3305; x_wconf 86' lang='lat' dir='ltr'><strong>priores</strong></span> <span class='ocrx_word' id='word_1_182' title='bbox 768 3202 845 3278; x_wconf 87' lang='lat' dir='ltr'><strong>sere</strong></span> <span class='ocrx_word' id='word_1_183' title='bbox 866 3205 1113 3304; x_wconf 85' lang='lat' dir='ltr'><strong>neglexerant.</strong></span> 
     </span>
     <span class='ocr_line' id='line_1_31' title="bbox 66 3301 1115 3403; baseline -0.002 -21"><span class='ocrx_word' id='word_1_184' title='bbox 66 3305 229 3399; x_wconf 83' lang='lat' dir='ltr'><strong>Accedit,</strong></span> <span class='ocrx_word' id='word_1_185' title='bbox 255 3305 354 3403; x_wconf 90' lang='lat' dir='ltr'><strong>quod</strong></span> <span class='ocrx_word' id='word_1_186' title='bbox 377 3301 649 3399; x_wconf 86' lang='lat' dir='ltr'><strong>Valckenarius,</strong></span> <span class='ocrx_word' id='word_1_187' title='bbox 674 3303 910 3379; x_wconf 90' lang='lat' dir='ltr'><strong>Ruhnkenius</strong></span> <span class='ocrx_word' id='word_1_188' title='bbox 936 3321 972 3382; x_wconf 88' lang='lat' dir='ltr'><strong>ot</strong></span> <span class='ocrx_word' id='word_1_189' title='bbox 987 3307 1115 3394; x_wconf 81' lang='lat' dir='ltr'><strong>Petrus</strong></span> 
     </span>
     <span class='ocr_line' id='line_1_32' title="bbox 68 3407 1116 3508; baseline 0.001 -27"><span class='ocrx_word' id='word_1_190' title='bbox 68 3408 218 3508; x_wconf 92' lang='lat' dir='ltr'><strong>quidam</strong></span> <span class='ocrx_word' id='word_1_191' title='bbox 232 3407 454 3500; x_wconf 81' lang='lat' dir='ltr'><strong>Fonteinius,</strong></span> <span class='ocrx_word' id='word_1_192' title='bbox 480 3432 636 3506; x_wconf 88' lang='lat' dir='ltr'><strong>quorum</strong></span> <span class='ocrx_word' id='word_1_193' title='bbox 655 3407 816 3483; x_wconf 87' lang='lat' dir='ltr'><strong>amicitia</strong></span> <span class='ocrx_word' id='word_1_194' title='bbox 832 3408 873 3479; x_wconf 91' lang='lat' dir='ltr'><strong>in</strong></span> <span class='ocrx_word' id='word_1_195' title='bbox 888 3407 1116 3507; x_wconf 84' lang='lat' dir='ltr'><strong>praelatione</strong></span> 
     </span>
     <span class='ocr_line' id='line_1_33' title="bbox 68 3505 1114 3609; baseline 0.001 -27"><span class='ocrx_word' id='word_1_196' title='bbox 68 3511 258 3609; x_wconf 87' lang='lat' dir='ltr'><strong>gloriatur,</strong></span> <span class='ocrx_word' id='word_1_197' title='bbox 283 3510 358 3582; x_wconf 90' lang='lat' dir='ltr'><strong>suis</strong></span> <span class='ocrx_word' id='word_1_198' title='bbox 384 3509 491 3607; x_wconf 81' lang='lat' dir='ltr'><strong>atque</strong></span> <span class='ocrx_word' id='word_1_199' title='bbox 510 3505 777 3582; x_wconf 88' lang='lat' dir='ltr'><strong>Homsterhusii</strong></span> <span class='ocrx_word' id='word_1_200' title='bbox 794 3507 1114 3607; x_wconf 86' lang='lat' dir='ltr'><strong>Toussainctiiquo</strong></span> 
     </span>
     <span class='ocr_line' id='line_1_34' title="bbox 67 3607 1119 3718; baseline 0.006 -33"><span class='ocrx_word' id='word_1_201' title='bbox 67 3609 215 3685; x_wconf 89' lang='lat' dir='ltr'><strong>ineditis</strong></span> <span class='ocrx_word' id='word_1_202' title='bbox 235 3607 551 3685; x_wconf 81' lang='lat' dir='ltr'><strong>observationibus</strong></span> <span class='ocrx_word' id='word_1_203' title='bbox 569 3609 722 3718; x_wconf 75' lang='lat' dir='ltr'><strong>editioni</strong></span> <span class='ocrx_word' id='word_1_204' title='bbox 737 3610 880 3712; x_wconf 86' lang='lat' dir='ltr'><strong>insigne</strong></span> <span class='ocrx_word' id='word_1_205' title='bbox 899 3610 1119 3697; x_wconf 82' lang='lat' dir='ltr'><strong>addiderunt,</strong></span> 
     </span>
     <span class='ocr_line' id='line_1_35' title="bbox 69 3726 731 3788; baseline -0.009 0"><span class='ocrx_word' id='word_1_206' title='bbox 69 3726 330 3788; x_wconf 88' lang='lat' dir='ltr'><strong>ornamentum.</strong></span> <span class='ocrx_word' id='word_1_207' title='bbox 727 3755 731 3761; x_wconf 92' lang='lat'><em>-</em></span> 
     </span>
    </p>
   </div>
   <div class='ocr_carea' id='block_1_5' title="bbox 63 3809 1120 4121">
    <p class='ocr_par' dir='ltr' id='par_1_6' title="bbox 63 3809 1120 4121">
     <span class='ocr_line' id='line_1_36' title="bbox 63 3809 1116 3914; baseline 0.002 -27"><span class='ocrx_word' id='word_1_208' title='bbox 63 3834 66 3845; x_wconf 87' lang='lat'>·</span> <span class='ocrx_word' id='word_1_209' title='bbox 144 3839 145 3842; x_wconf 44' lang='lat'>¹</span> <span class='ocrx_word' id='word_1_210' title='bbox 169 3811 247 3887; x_wconf 90' lang='lat' dir='ltr'><strong>Nec</strong></span> <span class='ocrx_word' id='word_1_211' title='bbox 269 3814 310 3888; x_wconf 91' lang='lat' dir='ltr'><strong>in</strong></span> <span class='ocrx_word' id='word_1_212' title='bbox 330 3812 524 3888; x_wconf 83' lang='lat' dir='ltr'><strong>Germania</strong></span> <span class='ocrx_word' id='word_1_213' title='bbox 551 3809 761 3907; x_wconf 79' lang='lat' dir='ltr'><strong>doluerunt,</strong></span> <span class='ocrx_word' id='word_1_214' title='bbox 794 3813 862 3914; x_wconf 88' lang='lat' dir='ltr'><strong>qui</strong></span> <span class='ocrx_word' id='word_1_215' title='bbox 879 3809 1116 3908; x_wconf 73' lang='lat' dir='ltr'><strong>Antoninum,</strong></span> 
     </span>
     <span class='ocr_line' id='line_1_37' title="bbox 72 3910 1118 4016; baseline 0.003 -27"><span class='ocrx_word' id='word_1_216' title='bbox 72 3914 287 4016; x_wconf 85' lang='lat' dir='ltr'><strong>praesertim</strong></span> <span class='ocrx_word' id='word_1_217' title='bbox 310 3914 351 3986; x_wconf 88' lang='lat' dir='ltr'><strong>in</strong></span> <span class='ocrx_word' id='word_1_218' title='bbox 368 3910 503 3988; x_wconf 86' lang='lat' dir='ltr'><strong>scholis</strong></span> <span class='ocrx_word' id='word_1_219' title='bbox 519 3929 711 4014; x_wconf 89' lang='lat' dir='ltr'><strong>postquam</strong></span> <span class='ocrx_word' id='word_1_220' title='bbox 724 3914 801 4016; x_wconf 88' lang='lat' dir='ltr'><strong>legi</strong></span> <span class='ocrx_word' id='word_1_221' title='bbox 815 3928 968 4015; x_wconf 69' lang='lat' dir='ltr'><strong>coeptus,</strong></span> <span class='ocrx_word' id='word_1_222' title='bbox 980 3929 1043 4000; x_wconf 90' lang='lat' dir='ltr'><strong>est,</strong></span> <span class='ocrx_word' id='word_1_223' title='bbox 1068 3941 1118 3992; x_wconf 79' lang='lat' dir='ltr'><strong>ex</strong></span> 
     </span>
     <span class='ocr_line' id='line_1_38' title="bbox 72 4014 1120 4121; baseline 0 -28"><span class='ocrx_word' id='word_1_224' title='bbox 72 4015 205 4094; x_wconf 78' lang='lat' dir='ltr'><strong>untbra</strong></span> <span class='ocrx_word' id='word_1_225' title='bbox 216 4016 257 4093; x_wconf 91' lang='lat' dir='ltr'><strong>in</strong></span> <span class='ocrx_word' id='word_1_226' title='bbox 270 4015 391 4104; x_wconf 85' lang='lat' dir='ltr'><strong>lucem</strong></span> <span class='ocrx_word' id='word_1_227' title='bbox 403 4016 667 4120; x_wconf 65' lang='lat' dir='ltr'><strong>protrudunt,</strong></span> <span class='ocrx_word' id='word_1_228' title='bbox 683 4041 787 4121; x_wconf 85' lang='lat' dir='ltr'><strong>quos,</strong></span> <span class='ocrx_word' id='word_1_229' title='bbox 805 4017 878 4095; x_wconf 91' lang='lat' dir='ltr'><strong>nisi</strong></span> <span class='ocrx_word' id='word_1_230' title='bbox 887 4015 1061 4107; x_wconf 83' lang='lat' dir='ltr'><strong>editiones</strong></span> <span class='ocrx_word' id='word_1_231' title='bbox 1069 4014 1120 4102; x_wconf 84' lang='lat' dir='ltr'><strong>ad</strong></span> 
     </span>
    </p>
   </div>
   <div class='ocr_carea' id='block_1_6' title="bbox 0 0 1345 4792">
    <p class='ocr_par' dir='ltr' id='par_1_7' title="bbox 0 0 1345 4792">
     <span class='ocr_line' id='line_1_39' title="bbox 0 0 1345 4792; baseline 0 0"><span class='ocrx_word' id='word_1_232' title='bbox 0 0 1345 4792; x_wconf 95' lang='lat' dir='ltr'><strong> </strong></span> 
     </span>
    </p>
   </div>
  </div>
 </body>
</html>
