2648 4792
153 277 199 351 ιι

153 455 332 556 affiulgens
357 452 464 556 iguis
489 448 641 553 fierique
660 447 717 527 -id
749 448 960 535 fabulantur
991 466 1092 548 tum,
1130 479 1212 529 oum

154 576 299 676 sanguis
324 573 369 647 de
395 571 495 645 lovis
522 586 630 674 partu
654 569 872 647 effervescit.
924 571 1104 648 Obtiuent
1131 600 1212 676 spe-

153 695 299 770 lunoam
322 717 406 766 eam
430 688 554 766 seciae
579 714 679 793 apes,
704 691 1002 766 Iovia-nutrices.
1041 694 1124 779 Hoc
1150 718 1211 767 an-

152 828 251 890 uum
273 814 412 886 intrare
436 809 527 883 auai'
540 824 626 883 sunt
646 808 771 905 Laius,
798 809 939 905 Celeus,
964 825 1002 884 et
1019 809 1211 909 Cerberus

149 931 392 1031 eteulogohrs,
409 927 673 1028 quamplurimi
688 928 808 1029 mellis
823 926 1065 1003 exhauriendi
1082 956 1209 1007 oauaa:

151 1065 191 1126 et
223 1048 455 1150 corporibus·
473 1047 637 1146 undique
655 1071 755 1121 tuere
787 1047 961 1144 obtectis,
991 1048 1066 1122 mel
1101 1076 1210 1152 apum

150 1167 350 1244 hauserunt
356 1200 371 1261 ,·
393 1166 588 1265 ..lorisque
602 1163 774 1240 viderunt
798 1162 992 1241 cunabula.
1047 1167 1207 1244 Tum-ret

149 1315 210 1362 aes
243 1287 342 1362 οιιιιι
373 1310 516 1359 eorum·
533 1286 683 1386 ruptum
715 1299 770 1359 est
787 1310 972 1387 eorpora:
1006 1299 1052 1359 et·
1067 1288 1208 1388 Jupiter

148 1407 327 1499 intonuit,
360 1404 577 1505 fulmenque
603 1401 862 1478 intendit‘sed
894 1430 980 1478 eum
1002 1405 1143 1480 Pareae
1165 1421 1214 1482 ao'

10 1565 19 1580 ι
147 1521 618 1623 nasimhtbuerunpquod
634 1521 691 1596 {as
709 1546 783 1595 non
802 1539 894 1597 esset
915 1549 958 1596 eo
982 1521 1065 1598 loco
1079 1550 1205 1625 queu-

147 1669 260 1746 quam
283 1644 389 1717 mori.
424 1643 521 1743 Ergo
546 1643 688 1743 Jupiter
712 1667 774 1715 eos
800 1658 923 1716 onmes
941 1643 982 1716 ιιι
1000 1642 1129 1718 avium
1144 1652 1225 1720 n‘a-'

146 1761 479 1851 turanntraustulit:
499 1760 548 1837 ab
570 1762 689 1860 iisque
705 1775 789 1835 suut
807 1784 940 1860 genera
955 1761 1102 1857 atium,
1113 1790 1202 1864 quae

144 1883 230 1973 ltili
240 1881 399 1969 3‘eoloeoi
409 1880 466 1974 (id
484 1896 538 1967 est
555 1880 728 1982 graculi),
754 1879 916 1974 cerberi,
935 1895 971 1955 et
987 1881 1126 1982 aegolii
1141 1909 1203 1963 uo-

144 2017 286 2091 eantur
310 2016 487 2100 suntque
483 1998 584 2086 boui
609 1998 783 2099 auspicii:
804 2014 846 2073 et
869 2025 957 2101 prae
983 2000 1080 2077 aliis
1091 2000 1201 2077 rebus

143 2102 243 2220 quoti
266 2118 504 2222 praedicunt
500 2117 710 2220 perficiunt,
735 2142 780 2191 eo
805 2121 921 2217 quod
917 2121 1025 2193 Jovis
1051 2121 1199 2222 sangui-

141 2265 237 2327 nem
240 2239 421 2323 uiderunt.
456 2240 576 2331 Haec,
601 2246 640 2311 et
654 2235 882 2338 praeoedere
896 2236 1082 2334 narratio,
1102 2238 1200 2319 Boei

142 2368 222 2452 eat,
237 2385 287 2435 ex
303 2385 343 2432 eo
370 2385 479 2454 quem
500 2355 674 2457 proxime
691 2355 896 2431 citavimus
915 2356 1020 2433 libro.
1054 2358 1199 2435 Ibidem

140 2480 320 2574 effertur,
348 2477 448 2576 quod
465 2487 504 2555 et
521 2475 701 2557 Simmiae
715 2474 888 2557 neonae
904 2474 1099 2578 Apolline
1100 2504 1197 2555 conr-

73 2636 91 2692 χ
140 2607 332 2714 memoret.
442 2659 446 2667 .

240 2716 469 2805 cinxit
500 2713 695 2790 cleia-‚ie
745 2714 857 2818 Apud
871 2714 1102 2812 Babylonem
1118 2717 1195 2793 Ma-

137 2835 357 2935 sopotamiaa
382 2832 514 2907 urbem
537 2829 720 2908 habitavit
744 2835 900 2921 Cleinis,
926 2835 985 2910 vir
1009 2836 1084 2911 diis
1110 2834 1194 2912 elra-

137 2979 224 3048 rus,
240 2978 283 3051 ae
305 2953 513 3087 opulentus:
533 2952 666 3089 boum,
692 2953 887 3049 asinorum,
914 2955 1112 3054 oviumque
1136 2955 1194 3041 di-

134 3099 209 3163 res.
233 3073 343 3156 Hune
369 3072 505 3149 mirum
528 3072 569 3150 in
593 3071 743 3147 modum
767 3072 976 3151 dilexerunt
992 3074 1127 3176 Apollo
1152 3099 1193 3149 ae

133 3193 270 3281 Diana:
307 3216 350 3266 ac
374 3215 481 3293 saepe
508 3217 593 3290 oum
616 3191 697 3264 istis
723 3190 794 3264 diis
819 3193 920 3265 veuit
943 3192 992 3267 ad
1015 3194 1192 3296 templum

132 3309 326 3443 ᾼιιοΠιιιιε,
352 3310 453 3408 quod
478 3326 532 3385 est
550 3308 654 3412 ‚apud
678 3309 947 3411 Hyperboreos,
972 3310 1141 3412 viditque
1158 3312 1192 3385 ei

133 3428 253 3509 asinos
286 3428 480 3519 immolari
538 3430 715 3511 Reversus
750 3428 999 3534 Babylonem,
1035 3429 1192 3535 iuteurlit

130 3547 212 3654 ipae
239 3573 385 3649 quoque
402 3546 657 3679 Hyperborico
681 3546 757 3624 ritu
778 3547 944 3667 Apollini
967 3549 1189 3627 sacrffioare:

131 3667 393 3766 asinorumque
414 3664 547 3768 magno
562 3691 714 3766 pumero
731 3661 898 3741 victimas
916 3666 963 3741 ad
982 3692 1087 3771 araur
1104 3694 1191 3771 con,

130 3786 257 3865 stituit.
296 3786 513 3892 Supervenit
528 3783 674 3918 Apollo,
697 3800 925 3889 mortemque
950 3812 988 3861 se
1007 3786 1044 3864 ei
1065 3758 1190 3889 illatu-

129 3927 214 3980 rum
238 3906 395 3979 minatus
421 3919 487 3998 est,
511 3904 585 3976 nisi
609 3900 681 3978 hoc
705 3903 902 3979 abstineret
926 3882 1140 3982 sacrificio:
1154 3920 1188 3979 et

129 4047 198 4129 pro
222 4048 324 4115 more
349 4048 477 4130 capras
502 4021 588 4118 sibi,
614 4021 740 4122 boves,
765 4049 922 4124 ovesque
949 4021 1108 4109 offerret.
1136 4027 1186 4100 ita

132 4140 232 4221 euim
256 4167 295 4218 ae
321 4142 506 4225 minorum
528 4136 686 4245 gaudere
711 4142 1027 4240 immolatione,
996 4172 1030 4222 sn
1054 4170 1100 4221 ea
1124 4143 1186 4221 ιιι
