2648 4792
1028 304 1132 360 mn

59 470 188 546 tinere·
207 466 414 562 videntur,
427 460 633 543 memoratu
655 479 742 543 sunt
766 466 993 569 necessaria,
1019 482 1062 545 ut
1084 496 1132 546 ne

61 575 241 649 lectorem
258 570 392 673 fugiat,
406 571 507 645 unde
523 570 564 644 in
584 567 658 645 ltao
672 568 844 644 Editione
858 567 1020 648 hio-illic
1037 566 1133 655 aliae

62 668 272 768 Muuokeri,
287 675 426 773 partim
443 698 574 760 novae,
586 673 724 775 partim
738 687 882 773 auctae,
896 698 1006 775 saepe
1018 680 1132 756 etiam

62 794 225 855 mutatae
266 775 553 854 Observationes
597 773 857 849 exhibeantur.
908 770 1135 859 Muncksrus

62 883 177 977 enim,
203 879 274 955 etsi
297 906 374 954 non
401 880 537 972 statim,
563 903 633 953 neo
659 877 709 950 ad
734 877 904 952 convicia
928 880 1134 982 quidquam
1202 954 1205 963 ,

60 984 254 1088 respondit
269 1006 467 1083 umquam,
492 979 558 1055 sed
576 995 703 1056 contra
720 980 993 1078 adversarium,
1020 987 1133 1063 etiam

63 1088 133 1163 ubi
150 1087 383 1189 turpissimos
400 1085 479 1159 eius
489 1100 640 1158 umores
655 1084 789 1184 arguit,
813 1083 1029 1161 Clarissimi
1043 1088 1134 1168 Viri
1214 1136 1217 1141 -
1272 1126 1276 1131 ·
1295 1100 1300 1109 '

62 1191 172 1266 titulo
204 1189 402 1290 insignivit,
428 1212 592 1289 semper,
625 1201 871 1289 opportunam
901 1191 1134 1270 occasionem

61 1308 296 1397 exspectans,
313 1292 405 1365 dum
416 1290 596 1364 secundas
610 1290 651 1363 in
665 1290 858 1390 Hyginum
865 1315 978 1367 ,curas
994 1295 1132 1392 ederet,

59 1397 293 1495 ubicumque
310 1420 383 1468 usu
400 1393 558 1486 >venerit
582 1391 849 1468 Antoninianas
863 1417 946 1468 suas
963 1410 1018 1471 sat
1033 1397 1131 1474 hene

59 1498 288 1590 vindicavit,
323 1511 360 1570 et
385 1492 623 1569 Berkelianas
656 1494 792 1569 diserte
824 1495 972 1571 refellit.
1009 1488 1131 1577 Unde
1194 1557 1198 1565 .
1251 1549 1257 1557 -

61 1620 191 1676 omnes
199 1603 280 1677 eius
296 1599 345 1673 ad
351 1594 643 1700 Mytltographos
658 1612 764 1672 notas
778 1598 914 1702 legere,
929 1626 1130 1705 excerpere

64 1719 102 1779 et
119 1705 169 1779 ad
185 1702 414 1780 Antoninum
430 1703 506 1776 suis
523 1700 616 1777 locis
634 1700 814 1802 digerere,
839 1718 993 1792 mutare,
1009 1704 1132 1783 ,dimi-
1160 1752 1163 1757 -
1220 1780 1226 1787 ,

62 1833 189 1903 nuere,
214 1821 252 1880 et
275 1830 410 1907 augere
427 1803 556 1899 debui,
580 1818 623 1877 ut
645 1802 724 1878 lere
746 1805 834 1880 satis
857 1805 903 1879 de
926 1830 1022 1881 nota
1038 1810 1154 1884 Edi:

61 1911 162 1984 tione
178 1910 333 1983 meritus
346 1906 511 2001 fuissem,
527 1907 561 1981 si
578 1907 633 1982 sic
646 1907 766 1981 auctis
780 1921 818 1980 et
833 1909 1036 1984 emendatis
1047 1911 1143 2014 Viri·

61 2012 278 2089 Docti'ssinti
300 2009 634 2087 observationibus
656 2025 824 2084 ornatam
838 2013 880 2085 in
894 2012 1018 2087 lucem
1036 2016 1130 2089 emi-

57 2117 204 2190 sissem.
230 2112 304 2188 Sed
321 2110 494 2207 libell-um
512 2112 679 2213 quotidie
694 2112 878 2209 evolvens,
894 2141 1036 2213 ¹uerunt
1051 2132 1129 2192 esse

59 2214 235 2320 expertus
247 2217 316 2304 fui,
327 2216 428 2318 quod
438 2216 486 2291 ad
502 2216 547 2291 N,
556 2216 754 2290 Heinsium
764 2217 914 2320 scripsit
926 2219 953 2292 l.
963 2220 1006 2295 G.
1015 2221 1130 2295 Grae-
1163 2282 1166 2288 .

58 2323 162 2396 vius:
186 2322 323 2421 procul
339 2316 454 2418 dubio
470 2316 569 2392 sotis
589 2345 771 2417 magnam
786 2334 943 2394 messem
960 2321 1051 2396 aliis
1067 2350 1130 2398 re*

59 2422 222 2520 liquisse
232 2420 480 2498 Munckerum
495 2436 532 2495 et
548 2419 774 2516 Berkelium,
800 2420 920 2519 siqui
936 2421 977 2517 in
994 2427 1065 2499 doc
1080 2425 1130 2500 li-

58 2527 159 2601 betto
175 2524 400 2603 comedendo
413 2521 606 2600 voluerint
620 2524 827 2620 elaborare,
845 2525 948 2625 quod
961 2526 1007 2599 de
1021 2528 1129 2602 indu·
1145 2530 1149 2537 '
1246 2576 1249 2582 ·

56 2629 151 2704 stria
166 2629 285 2731 egisse
297 2629 446 2704 videtur
460 2623 646 2724 Kuhnius,
661 2628 732 2728 qui
746 2643 849 2702 notas
858 2653 943 2702 suas
957 2629 999 2703 in
1012 2631 1129 2705 Anto—

55 2732 199 2809 ninum
214 2747 392 2807 memorat
417 2731 466 2806 ad
486 2729 683 2806 Aelianum
700 2730 745 2806 V.
763 2730 811 2806 tt
828 2730 873 2807 L.
891 2730 991 2807 XIV.
1012 2758 1044 2808 c.
1062 2733 1128 2812 td.

56 2827 158 2936 quas
170 2836 203 2909 si
217 2835 380 2909 Festum
396 2834 505 2910 nobis
527 2847 602 2908 non
617 2832 829 2930 invidisset,
856 2834 988 2937 procul
1009 2835 1127 2932 dubio

57 2937 172 3039 longe
195 2936 424 3012 emendatius
453 2937 651 3040 prodiisset
674 2933 748 3012 hoc
770 2937 999 3039 opusculum.
1013 2980 1031 2993 ··
1051 2940 1128 3015 Uti

57 3041 162 3114 enim
178 3040 261 3115 aliis
284 3040 479 3143 plerisque¹
493 3038 736 3144 scriptoribus
760 3038 863 3113 haud
880 3065 1014 3143 parum
1031 3039 1128 3117 lucis

59 3142 184 3218 adsert
203 3143 367 3245 plurium
391 3144 494 3229 MSS'.
523 3143 638 3218 codd.
662 3145 876 3236 auctoritas,
909 3158 974 3217 aut
999 3169 1127 3219 veram

57 3245 260 3320 lectionem
277 3246 431 3329 eruendi
453 3246 668 3322 facultatem
682 3245 963 3327 subministrant
979 3248 1128 3321 varian-
1248 3249 1258 3271 ⁸

58 3363 114 3424 tes
126 3342 314 3442 lectiones}
323 3334 387 3424 hic
396 3364 542 3467 praeter
555 3344 698 3451 ingenii
711 3350 831 3425 aciem
845 3360 882 3422 et
897 3349 1128 3425 coniectandi
1199 3382 1206 3397 ··

57 3466 189 3555 artem,
202 3447 466 3527 nihil-subsidii
474 3467 675 3557 supererat,
686 3465 879 3555 propterea
890 3452 990 3552 quod
1000 3478 1126 3535 omnes
1173 3472 1175 3476 ’

53 3552 131 3648 illi,
156 3552 332 3655 equibus
341 3579 415 3641 ‚sua
429 3566 616 3643 mutuatus
632 3556 687 3629 e'st
699 3554 917 3650 Antoninus,
934 3552 1043 3657 plane
1058 3580 1126 3655 pe-.

56 3655 212 3750 rierunt,
230 3670 340 3758 atque
355 3657 447 3732 adeo
466 3681 552 3733 oum
568 3656 627 3732 his
646 3656 808 3732 conserti
820 3682 895 3731 non
912 3658 1042 3758 potuit
1075 3657 1126 3732 Ut

56 3757 154 3834 bene
184 3757 346 3847 factum,
381 3761 481 3861 quod
506 3761 656 3836 aliunde
685 3758 786 3834 mihi·
805 3758 1022 3855 nonnullae,
1055 3760 1127 3833 etsi

56 3862 173 3962 quain
191 3860 338 3959 vellem,
352 3865 508 3939 maiores
524 3864 612 3941 illae
627 3863 803 3939 fuissentt
821 3863 1046 3939 accesserint
1061 3888 1125 3939 co·
1225 3864 1227 3869 ’

50 3965 151 4065 piae.
205 3963 325 4041 Simul
351 3968 452 4041 enim
472 3993 533 4043 me
549 3993 689 4049 novam
709 3965 888 4041 Antonini
913 3964 1126 4041 Editionem

51 4066 183 4140 moliri
208 4067 469 4145 inaudiverant
494 4066 777 4150 Valckenarius
803 4082 841 4143 et
862 4067 1124 4163 Bussenius,

54 4167 139 4244 Viri
155 4168 196 4242 in
214 4186 292 4246 arte
308 4172 447 4250 Critica
462 4174 663 4279 principes,
681 4187 718 4249 et
733 4171 1128 4251 Graecsnmuiaera-
