2648 4792
221 298 265 350 tt

220 452 262 528 in
279 448 405 551 iniqua
416 446 602 524 literarum
617 442 821 527 conditione
841 459 877 522 et
890 441 1137 521 subsidiorum
1138 468 1267 618 penu

219 554 297 648 ria,
322 574 477 652 quornm
488 550 608 668 copia
624 545 734 621 hodie
759 547 865 623 nohis
884 548 967 622 data
992 562 1057 641 est,
1084 573 1149 645 qur
1175 547 1269 646 quid

222 653 468 730 commiserint
483 651 557 743 isti,
562 675 796 749 quaeramus
816 664 972 751 oportet·
997 649 1050 722 ita
1065 647 1268 730 Antoninus

222 770 279 829 sat
303 753 476 854 gravibus
510 707 725 851 corruptelis
759 752 957 824 etiamnum
980 749 1142 843 laborat,
1178 775 1267 848 quas

222 870 396 955 exparte
420 852 548 928 tollere
572 848 780 982 ιιιιιιιιιιιιιι
788 853 1007 963 contigerit,
1032 851 1180 942 rideant
1203 877 1270 954 pe-

123 1058 126 1063 ’
221 956 443 1148 numilliare
466 1053 563 1126 vel
550 1081 582 1127 rs
600 1079 729 1173 operae
746 1053 906 1157 pretium
922 1006 1051 1128 fecisse
1071 1051 1269 1139 censendus

222 1170 288 1251 ιιι,
314 1156 394 1273 qui
405 1155 574 1229 libellum
594 1154 891 1250 Antoninianum,
916 1156 1038 1230 iudice
1063 1153 1269 1230 Valckena-

167 1318 169 1322 .
221 1259 278 1335 rio
304 1257 453 1331 minime
467 1256 652 1372 vulgaria
671 1256 979 1357 complectentem,
1004 1279 1098 1328 nova
1124 1256 1271 1331 eadem-

223 1382 315 1458 que
329 1356 496 1473 aptiore
493 1372 601 1431 rests
639 1356 809 1431 indutum
837 1357 1044 1474 literarum
1054 1346 1297 1451 ιιιιιιιιιιιιιζιιι

103 1449 106 1453 ’
222 1458 446 1534 tradiderit
464 1458 595 1534 Dicat
603 1481 691 1533 sane
713 1458 896 1558 aliquis,
883 1458 1050 1541 ιιιιιιιιιιιι·
1072 1471 1108 1529 ιι
1125 1457 1277 1532 exilem*

96 1576 99 1581 '
222 1585 300 1633 csse
323 1559 566 1653 Antoninum
599 1586 668 1634 nee
693 1562 854 1660 granter
878 1559 1041 1632 antliam.a
1088 1556 1177 1639 Sed
1175 1557 1277 1632 ··-ton

221 1675 316 1755 tes,
313 1660 548 1779 ers3q11ihus
554 1618 677 1736 liausit
701 1661 768 1735 illc
777 1661 1008 1735 narrationes
1028 1684 1131 1753 suas,
1156 1685 1280 1774 quum·

220 1785 305 1835 ιιι
326 1762 524 1862 antiquitas
547 1762 655 1838 nobis
680 1762 875 1877 inviderit,
906 1786 996 1836 num
1019 1760 1170 1901 rivulos
1183 1761 1274 1838 inde

220 1762 409 1953 lienem
419 1860 816 1984 adspernebinrurix·
883 1912 886 1924 ·

321 1948 490 2039 Priorum
514 1966 731 2040 aditorum
712 1991 766 2041 ιιι
785 1963 1009 2040 Antoninum
1033 1962 1164 2037 merita
1185 1977 1277 2038 ante

221 2062 384 2139 breviter
409 2091 641 2179 recenseam,
692 2090 802 2166 quarn
839 2066 944 2167 ipse
954 2065 1050 2167 quid
1088 2069 1279 2166 praestare.

220 2166 412 2262 voluerim,
438 2167 536 2267 quid
552 2167 758 2268 potuerim,
780 2193 943 2268 aperiam
949 2222 960 2262 ,
984 2182 1027 2240 ut
1051 2167 1181 2240 melius
1206 2192 1278 2267 ap-

220 2281 367 2383 pareat,
409 2292 482 2366 quo
513 2283 711 2384 tempore,
732 2293 763 2341 ι
785 2268 921 2368 quibus
954 2294 1073 2368 quone
1105 2292 1276 2343 successu

220 2367 424 2442 Antoninus
446 2382 620 2455 tractatus
639 2369 710 2463 sit,
735 2383 783 2442 ιι
790 2394 885 2448 uero
901 2370 1012 2445 etiam
1024 2370 1177 2461 rectius
1187 2393 1278 2470 pos-

221 2468 271 2542 sit
294 2467 504 2564 diiudicari,
528 2483 705 2581 quantum
719 2470 904 2577 tetigerim
919 2486 1055 2548 motam
1072 2467 1167 2546 mihi
1187 2495 1278 2635 pro-

220 2569 450 2742 Poeiurlni
393 2670 554 2774 primum
573 2624 750 2788 quidem
737 2671 825 2744 rusti
840 2669 991 2756 etlitoris
1004 2638 1153 2743 munere
1168 2628 1277 2771 prae-

96 2823 98 2826 <
222 2766 319 2843 clare
329 2767 501 2843 sunctum
515 2794 592 2842 esse
605 2771 776 2845 novimus
791 2770 1013 2846 Guilelmum
1026 2771 1275 2868 Xylandrum,

79 2922 87 2931 .
221 2894 288 2967 qur
277 2869 525 2944 Antoninum
543 2870 625 2944 eliis
652 2872 836 2988 opusculis
862 2873 1031 2947 comitem
1052 2871 1186 2957 adieci-t
1202 2872 1276 2948 hoo

221 2969 362 3086 indicet
380 2968 566 3048 Antonini
579 2970 767 3046 Liberalis
779 2972 1171 3066 Tronsformotionum
1184 3002 1275 3049 oon-

154 3067 157 3071 ’
219 3068 367 3166 gerico.-
405 3060 627 3189 Phlegontis
655 3071 844 3151 Tralliani
875 3073 923 3146 de
954 3073 1200 3154 Mirnbilibus
1236 3087 1276 3150 et

222 3170 433 3267 Longawis
457 3173 632 3250 Libellus.
651 3174 851 3248 Eiusdem
884 3175 933 3247 de
959 3175 1142 3291 Olympiis
1175 3184 1275 3250 Fra-

219 3283 424 3387 gmentum.
449 3274 640 3374 Apollonii
653 3273 848 3351 Historiae
862 3274 1062 3353 mirabiles.
1089 3277 1276 3375 Antigoni

224 3371 456 3447 mirabilium
480 3375 741 3450 narrationum
766 3375 968 3474 congeries.
1008 3385 1068 3457 M.
1089 3379 1276 3454 Antonini

112 3503 115 3508 ·
222 3473 439 3592 Philosophi
462 3481 553 3594 Imp.
580 3474 753 3570 Rumori,
780 3477 844 3552 de
851 3476 935 3552 vita
959 3507 1029 3554 suo
1053 3478 1161 3553 Libri
1184 3487 1274 3560 XII.

209 3573 314 3647 ·αό
297 3576 504 3651 innumeris
528 3577 661 3673 quibos
685 3587 798 3652 antea
822 3582 1018 3657 scatebunt
1039 3581 1189 3656 mendis
1214 3612 1275 3657 re-

220 3676 392 3792 purgati,
420 3689 458 3753 et
482 3706 582 3753 nuno
604 3680 766 3753 ιιιηιιιιιι
777 3708 867 3756 vere
890 3683 996 3758 editi
1036 3685 1180 3758 Graece
1196 3690 1276 3758 La-

223 3775 374 3873 tineque
400 3778 536 3874 omniu,
568 3780 669 3855 (tait.
694 3783 891 3880 Xylandr'o
904 3791 1129 3880 Argustana
1155 3784 1276 3859 inter-

221 3888 468 3976 protervum
492 3879 807 3957 Annototionibus
832 3894 870 3958 et
895 3885 1035 3959 indice.
1084 3885 1274 3982 Basileus,

220 4003 290 4092 per
312 3980 490 4055 Thmom
506 3977 730 4078 Guarinum,
746 3989 936 4066 MDLXV
936 3992 999 4062 111
1012 3985 1157 4062 chartis
1172 3998 1275 4061 octo-

224 4076 285 4152 nis
317 4076 406 4157 min
457 4082 599 4161 Graeca
631 4083 830 4215 depromsit
865 4088 1058 4184 Xylander
1086 4114 1108 4162 e
1142 4088 1314 4182 Codice,
