2648 4792
193 326 284 380 1111

195 502 262 573 ara
275 484 453 583 Latonae,
471 474 862 588 circumstrepentibus
880 479 974 559 adeo
989 482 1108 580 ranis3
1135 507 1286 587 quam--

183 665 185 669 ,
223 616 310 666 uam
335 605 390 665 est
413 586 595 686 dubium,
632 615 755 663 annon
776 613 846 669 ,ara
869 586 936 664 illa
960 594 1091 692 potitae
1115 587 1270 689 ingenio

195 616 390 789 debeatur,
415 693 522 768 euius
544 693 686 768 mentio
710 691 814 767 nulla
831 690 882 767 .fit
905 691 1005 794 apud
1029 690 1272 786 Antoninum,

91 808 95 817 '
197 798 268 899 qui
292 811 413 872 cetera
437 792 487 870 ex
499 797 706 871 Menecrate
721 792 901 884 Xanthia,
925 821 1052 881 rerum
1065 794 1272 889 Lyciorum

199 896 381 1003 scriptore
406 913 554 992 narrat,
580 899 647 974 sed
671 912 796 973 tamen
821 897 867 975 de
894 913 993 973 certo
1019 898 1158 993 Lyciae
1183 896 1273 973 lacn

58 1052 61 1057 -
197 1017 263 1078 aut
286 1002 400 1097 fonte,
426 999 596 1094 Μελίτην
620 994 771 1100 κρήνην
794 1001 999 1076 nominans.
1013 1013 1042 1050 θ’

208 1127 214 1147 “·
291 1098 369 1180 His
387 1100 621 1204 adiungenda
637 1103 765 1179 sabula
780 1100 1106 1206 Amphissensibus
1122 1114 1187 1201 aut
1200 1124 1273 1204 po-

197 1206 273 1284 tius
292 1204 437 1284 Oetaeis
462 1206 663 1282 domestica
688 1207 735 1282 de
751 1207 901 1311 Dryops
923 1207 965 1280 in
987 1205 1163 1310 ⁴arborem
1186 1220 1270 1279 mu·

126 1369 136 1404 .,
199 1320 292 1406 tata„
312 1310 355 1384 in·
369 1333 456 1410 qua,
481 1310 698 1413 praesertim
712 1311 745 1384 si
759 1310 1007 1411 antiquiorem
1022 1309 1272 1383 narrationem

199 1428 253 1487 ex
274 1410 461 1487 Antonino
486 1437 568 1516 cap.
594 1413 755 1490 XXXII.
780 1434 996 1514 sequamur,
1058 1411 1195 1485 lurima
1220 1409 1272 1485 ad

199 1513 277 1592 loci
301 1513 466 1590 indolem
497 1531 586 1621 apte·
613 1515 748 1591 referri
780 1532 943 1618 possunt.
995 1436 1072 1609 „ln
1097 1513 1183 1588 luco
1209 1513 1272 1587 ni-

199 1618 339 1693 mirum
362 1618 513 1721 Dryopi'
529 1643 639 1694 sacro·
660 1617 840 1723 templum
860 1632 938 1693 erut
953 1613 1224 1719 Nympharum,
1249 1639 1274 1691 a

157 1774 160 1779 -
201 1717 340 1840 quibus
365 1721 513 1823 Dryope
544 1736 650 1824 rapta
681 1721 696 1796 i
740 1735 833 1822 aque
860 1723 981 1817 Dryas
1013 1719 1112 1794 facta
1144 1717 1273 1793 alnum

193 1823 387 1922 'msignem
412 1823 460 1897 ad
484 1822 626 1898 fontem
649 1824 689 1899 in
718 1824 860 1899 abitare
886 1820 1099 1917 diceneum
1135 1845 1274 1896 nomen

202 1925 379 2026 quodque
406 1925 588 2026 advocare
613 1926 725 2023 licet,
761 1928 863 2029 quod
894 1924 1010 2000 habet
1042 1923 1188 2025 aliquid
1220 1948 1273 1997 ex

202 2025 318 2126 8917ss
344 2022 495 2102 fabulae
515 2029 768 2105 celebritatem
787 2029 988 2105 attulerunt
1009 2027 1091 2105 ludi
1107 2024 1274 2101 adhunc

201 2127 508 2231 locumhabitifl⁴
530 2131 881 2210 emonensem.
897 2131 1040 2206 lib.1X.
1054 2130 1274 2229 n350sqq.

215 2252 220 2279 ·’
278 2276 284 2291 -
303 2232 405 2309 Artis
418 2260 530 2336 opera
547 2261 635 2311 cum
653 2237 859 2311 accuratius
871 2233 1105 2328 attendimus,
1131 2231 1273 2332 quibus

204 2348 401 2437 expressae
421 2350 526 2412 crant
546 2362 673 2414 rerum
694 2339 893 2439 figuraest
913 2351 1045 2428 ornata
1058 2331 1276 2429 sunthorum

203 2439 396 2534 memoria,
421 2438 587 2543 plurium
610 2437 964 2544 metamorphosiuna
980 2441 1215 2515 inventarum
1230 2435 1277 2512 in

202 2539 253 2618 iis
279 2560 450 2617 causeam
476 2544 733 2644 'quaerendam
758 2560 836 2620 esse
861 2542 970 2619 facile
996 2556 1156 2646 apparet.
1205 2537 1278 2615 At·-

203 2668 279 2743 que
305 2643 442 2745 exinde
467 2643 634 2720 fortassis
659 2645 882 2748 explicanda
907 2645 1038 2718 sabula
1061 2642 1187 2744 paullo
1212 2642 1277 2714 in-

203 2744 375 2820 tricatior
395 2746 496 2849 apud
520 2738 748 2824 Antoninum
772 2770 853 2851 cap.
866 2745 965 2822 XIII.
992 2745 1039 2819 de
1065 2768 1139 2845 qua
1163 2742 1277 2818 Mell-

203 2866 359 2925 ntunuus
383 2870 468 2951 pag.
493 2848 543 2925 ll
571 2872 627 2952 sq.
659 2846 754 2925 ha'cc
777 2847 930 2924 scribite
979 2845 1142 2948 „Quum
1174 2844 1278 2947 apud

99 3027 104 3049 ¹
204 2940 414 3026 Melitenses
429 2950 552 3053 nobili
567 2952 740 3041 fem-inae,
758 2976 855 3054 quae
874 2964 1031 3025 mortem
1047 2948 1122 3023 sibi
1134 2947 1277 3022 inferre

204 3075 322 3152 vam
345 3054 496 3148 tyranni
519 3056 599 3130 vim
619 3056 700 3160 pati
723 3055 925 3158 maluerat,
949 3054 993 3130 in
1017 3051 1106 3126 aede
1131 3053 1277 3125 Dianae

204 3154 313 3231 iuxta
343 3153 453 3234 deam
484 3170 605 3233 statua
639 3156 735 3233 esset
758 3154 940 3260 reposita,
974 3153 1169 3230 historiam
1194 3154 1279 3229 eius

70 3322 74 3329 .
205 3258 297 3334 satu
319 3258 520 3335 iucundam
544 3260 826 3336 ennarrantibus
851 3260 939 3334 data
972 3273 1027 3333 est
1058 3258 1280 3361 opportuni-

205 3373 282 3450 tas,
316 3375 360 3441 ut
384 3384 430 3437 oo
474 3360 750 3469 us-Aspalidis,
785 3361 859 3439 boc
883 3361 944 3438 illi
967 3386 1121 3456 nomen,
1157 3376 1280 3459 quum

206 3462 402 3544 nausson
501 3464 582 3540 eius
606 3465 722 3541 fraus
745 3481 915 3563 manno,
937 3464 1100 3567 publicis
1123 3459 1281 3536 honori-

104 3651 106 3658 ,
204 3562 279 3642 bus
304 3563 437 3643 efferre
461 3566 600 3644 vellent
624 3570 748 3666 cives,
773 3590 956 3670 nusquam
979 3568 1172 3643 inventum
1197 3590 1280 3640 esse

206 3666 408 3770 fingerent,
443 3668 512 3746 sed·
541 3671 584 3746 in
617 3671 739 3775 ipsam
770 3669 868 3767 hanc
899 3685 1056 3749 statuam
1081 3681 1279 3764 mutatum,

207 3786 304 3872 quae
340 3768 438 3845 inde
457 3768 536 3847 hoc
552 3773 650 3850 'loon
676 3775 905 3879 apparuerit.
957 3771 1114 3872 Aliquid
1152 3784 1281 3845 tamen

208 3880 399 3977 praeterea
415 3876 609 3951 accessisse
625 3877 861 3973 crediderim,
878 3875 981 3979 quod
995 3872 1086 3949 huic
1101 3873 1283 3974 figmento

209 3974 370 4075 gratim
387 3989 424 4050 et
439 3977 708 4077 iucunditatem
723 3981 955 4073 conciliaret3
981 3978 1162 4052 ninnrom
1176 3975 1281 4076 quod

208 4090 288 4151 tam
311 4076 450 4154 nobilis
473 4079 634 4179 femmae
667 4082 808 4160 nullibi
830 4095 1107 4159 monumentum
1131 4093 1196 4154 aut
1221 4100 1283 4154 ce·-

209 4177 387 4284 nubtum
415 4184 563 4264 ouandi
592 4199 765 4292 poterat,
786 4187 866 4266 otas
891 4185 968 4274 nt,
1001 4197 1046 4263 ua
1070 4180 1284 4285 dedomo
