2648 4792
136 253 181 318 ⁷2

139 423 390 527 suspendisset.
433 419 614 499 Narratio
640 430 697 496 est
718 415 1040 516 Nicandri-libro
1060 424 1197 498 Μιιΐα·Ι

139 553 264 617 torum
287 543 460 623 secundo.

112 753 115 757 Ι
227 661 329 737 =Gnr-.
359 661 458 738 XIV.
520 656 793 735 Muniolouo.
840 658 1096 734 Molossorum
1130 685 1200 734 rex

138 779 210 854 fuit
224 762 421 855 Munichus
441 780 612 874 Dryantis
630 778 670 854 F.
695 793 795 853 vates
821 778 1001 879 egregius,
1026 778 1200 879 idemque

137 901 198 974 vir
221 901 348 975 iustus.
390 898 424 972 Is
449 924 470 971 e
495 898 648 991 Lelanto
672 896 767 971 filios
792 895 937 990 habuit,
961 895 1218 996 Aloandm„

138 1019 205 1119 qui
220 1017 403 1092 ¹vaticinio
428 1018 526 1117 patri
551 1015 780 1120 praestabat:
806 1014 1083 1116 Megaletorem,
1098 1014 1198 1095 ,Phi-

137 1136 271 1221 laeum,
296 1135 482 1235 filiamque
508 1136 770 1239 Hyperippam.
807 1135 879 1208 Eos
899 1120 1024 1207 omnes
1045 1133 1095 1209 ob
1114 1160 1200 1237 pro⁴

139 1242 294 1329 bitatem
319 1254 375 1328 dii
399 1253 620 1333 dilexerunt.
657 1244 824 1350 Quadam
839 1266 945 1328 nocte
963 1252 1199 1342 ooslatrones

139 1372 262 1447 subi-to
281 1374 336 1446 ,in
363 1369 468 1475 egris
500 1374 826 1448 circumvenerunt.
861 1398 1020 1473 cumque
1055 1397 1198 1474 pugneo

137 1491 299 1594 impares
322 1491 369 1566 ola
392 1492 558 1567 turribus
584 1490 895 1586 sedelenderent,
921 1492 1120 1594 ignemque
1136 1492 1199 1585 la·

139 1604 457 1686 nonesdomih'us
489 1612 702 1686 iniicerent:
740 1611 882 1712 Jupiter
913 1608 1041 1684 habita
1067 1635 1199 1686 ,eorum

2 1732 12 1759 '
139 1717 286 1831 pietatis
299 1765 308 1802 ,ι
316 1732 476 1825 ratione,
494 1768 496 1773 ·
513 1731 718 1805 miserrima
751 1743 866 1803 morte
880 1810 885 1817 ,
899 1729 1020 1832 perire
1045 1755 1121 1804 non
1146 1744 1198 1805 est

139 1872 286 1949 passus,
306 1849 387 1924 'sed
418 1850 568 1923 in-aves
599 1849 863 1923 transmutavit.
914 1850 961 1923 Et
985 1849 1198 1951 Hyperippa

141 1967 311 2065 quidem‚'
345 1969 519 2068 quoniam
552 1969 677 2068 ignem
709 1966 876 2069 fugiens,
910 1991 1047 2067 aquam
1071 1967 1198 2064 subiit,

138 2082 237 2158 lauta
262 2100 317 2161 est
340 2086 469 2180 fulica.
490 2088 624 2162 caeteri
648 2113 698 2162 ex
722 2088 809 2189 igne
836 2084 1033 2161 evolarunt.
1074 2088 1199 2164 Muni-

138 2199 229 2278 obus
253 2203 382 2298 buteo,
415 2206 609 2283 Alcander-
627 2202 789 2281 orchilus
821 2204 949 2280 faetus.
998 2205 1199 2308 Megaletor

140 2320 371 2399 etPlnilaeus
382 2382 393 2420 ‚
422 2325 530 2427 quod
565 2326 691 2426 ignem
721 2324 901 2427 fugientes
927 2326 1198 2427 per-'parietem

62 2465 65 2474 ·
138 2439 186 2514 sd
206 2457 344 2517 terram
370 2470 409 2518 se
433 2445 673 2539 donrisissent,
697 2444 738 2518 in
759 2445 911 2544 exiguas
937 2443 1101 2518 avioulns
1127 2443 1193 2519 ob·

136 2553 273 2637 ierunt:
288 2558 402 2639 hicio
418 2588 500 2640 eam
515 2590 609 2665 quae
624 2561 887 2658 remediatur,
902 2563 967 2637 ille
981 2564 1022 2639 in
1038 2560 1192 2639 ichneu-

137 2701 309 2755 monamz-
326 2696 443 2756 mater
467 2685 514 2756 in·
531 2683 717 2784 piponem‚
743 2706 835 2781 quae
858 2682 993 2757 aulicos
1014 2681 1196 2757 muliones

133 2795 236 2895 legit.
274 2798 367 2874 Cum
380 2796 453 2874 hae
471 2799 611 2873 bellum
631 2815 684 2874 est
703 2799 847 2899 aquilae
873 2815 911 2874 et
936 2799 1076 2895 erudio,
1103 2827 1196 2901 quo-

55 2932 57 2937 ’
135 2939 315 2990 rum-ova
341 2918 540 3018 confringit
548 2961 563 3013 ‚·
585 2918 673 2993 dum
698 2945 877 3020 quercum
902 2918 1022 2995 caedit
1047 2935 1196 3021 propter

77 3113 80 3118 ,
133 3035 281 3111 culices.
336 3037 548 3138 Vivuntque
573 3063 646 3113 una
669 3039 807 3139 reliqui
838 3040 879 3112 in
904 3038 1016 3135 sylvis
1041 3052 1079 3112 et
1093 3037 1195 3114 late-

133 3151 223 3250 bris,
241 3153 364 3230 -fulica
389 3156 562 3232 ad·laous
588 3173 624 3232 et
648 3183 748 3232 mare
774 3158 1000 3233 obversante.
1090 3202 1093 3207 ,
1205 3218 1209 3227 ,

206 3321 215 3348 .-
236 3272 323 3349 Csr.
352 3275 448 3350 XV.
486 3276 722 3377 Meropis.
781 3275 937 3352 Liberos
962 3273 1095 3350 habuit
1119 3276 1219 3361 Eur

132 3387 248 3463 melus
273 3392 434 3499 Meropis
459 3393 497 3470 F.
530 3395 707 3498 superbos
740 3412 777 3471 et
808 3395 1014 3471 iniuriosos.
1065 3395 1192 3490 Byssq·

131 3508 315 3611 Meropis,
352 3527 389 3586 et
418 3513 543 3614 Agron
575 3515 616 3587 ii
642 3529 769 3591 erant:
800 3512 1089 3613 habitabuntque
1116 3514 1193 3589 Con

23 3704 35 3732 ἱ
131 3627 288 3703 insulam
306 3630 543 3734 Meropidem.
579 3633 628 3708 lis
653 3648 750 3708 terra
768 3633 945 3736 plurimos
964 3633 1098 3708 edebat
1114 3632 1193 3708 fm-

109 3743 227 3821 'otusz
261 3750 348 3849 quia
372 3747 469 3826 hene
494 3752 610 3825 solam
635 3752 788 3826 deorum
811 3754 1096 3845 venerabuntur,
1133 3776 1192 3827 so*

74 3939 78 3945 ,
127 3854 277 3966 lumqua
311 3868 506 3971 diligenter
538 3871 718 3946 colebant.¹
769 3873 836 3947 His
862 3873 957 3946 nulli
982 3887 1083 3949 eraut
1107 3896 1194 3957 cum

129 3980 342 4075 hominibus
369 4014 581 4090 congressus
593 4035 616 4086 ‚·
630 4017 750 4091 neque
773 3991 834 4067 vel
858 3993 899 4066 in
924 3990 1056 4067 urbem
1081 3991 1193 4067 intre·

89 4178 91 4185 ,
129 4102 233 4199 bant,
260 4104 319 4180 vel
341 4106 505 4184 solennes
529 4111 654 4214 epulas
672 4126 708 4186 et
723 4110 832 4185 festos
846 4111 917 4186 diis
932 4111 1010 4186 dias
1029 4107 1190 4186 obibant.
