2648 4792
195 900 1171 1113 excursus

427 1170 876 1398 mpms
1057 1188 1155 1207 ,„.

307 1488 1011 1593 ANTONINIANAS.

482 1786 829 1804 w

136 1980 196 2071 De
227 2004 367 2071 Dialectis
400 2008 433 2068 in
465 2017 566 2068 nostro
593 2001 736 2085 scriptore
766 1998 864 2064 obviis
895 1997 1066 2082 seperatim
1098 2019 1177 2085 agere

138 2120 228 2182 quom
242 2098 353 2178 ubique
372 2097 404 2157 in
421 2097 498 2158 notis
520 2095 650 2156 diverses
666 2093 818 2175 opiniones
839 2090 980 2152 infercire
997 2089 1107 2169 malui,
1126 2105 1178 2151 tun

139 2185 221 2266 quod
241 2185 272 2244 iu
294 2184 512 2245 contentionem
535 2181 670 2255 tandem,
700 2192 734 2239 ut
753 2179 804 2257 fit,
833 2178 904 2238 abiit
925 2176 1004 2241 haec
1028 2200 1098 2251 res,
1127 2191 1180 2238 tum

139 2271 220 2354 quod
235 2269 337 2354 paullo
357 2269 484 2352 emplius
504 2268 542 2329 de
563 2289 598 2328 ee
618 2267 761 2328 disserere
782 2264 882 2326 visum
903 2263 975 2324 fuit.
1015 2264 1107 2340 Quod
1121 2263 1182 2327 dun

139 2372 279 2439 tyronum
306 2357 339 2418 in
365 2357 486 2440 gratiam
513 2354 608 2430 iacio,
638 2353 725 2414 etism
753 2350 886 2436 vulgaris
915 2349 1093 2432 quaedam,
1125 2349 1180 2412 slis

139 2443 302 2504 omittenda
323 2445 439 2523 potius,
466 2463 527 2502 non
553 2437 809 2522 praetermittenda
830 2437 913 2497 duxi.
971 2443 1025 2499 Ex
1049 2461 1089 2502 eo
1109 2439 1184 2509 eninr,

140 2529 221 2611 quod
248 2527 343 2592 libelli
370 2529 460 2591 liuius
488 2527 625 2588 Editores
654 2525 727 2586 adeo
752 2525 938 2606 discrepent,
978 2523 1061 2586 alter
1086 2539 1184 2608 praeter

140 2637 328 2679 communem
348 2614 400 2676 vel
418 2616 519 2697 potius
534 2614 660 2674 Atticum
678 2624 713 2672 ut
724 2609 839 2672 nullam
860 2625 1003 2693 agnoscet
1024 2611 1186 2691 dialecton,

140 2701 211 2778 sed,
246 2703 272 2762 si
293 2700 452 2781 quidinde
473 2700 529 2759 ribi
552 2699 746 2773 contraxerit,
774 2698 913 2758 vitiorem
934 2694 1109 2760 lectionem
1129 2719 1186 2781 pro·

140 2787 271 2863 nuntiet,
293 2785 364 2847 ulter
386 2786 546 2846 certissime
566 2787 699 2846 omnium
718 2781 910 2844 dialectorum
932 2786 1185 2869 vestigie'dcprr·

139 2872 279 2934 hendisse
299 2870 357 2933 sibi
377 2871 531 2950 videatur,
552 2882 650 2952 petet,
677 2870 812 2932 noudum
832 2870 869 2930 od
888 2867 1019 2952 plenum
1041 2871 1189 2935 deductus

140 2980 204 3022 rem
227 2979 302 3020 esse.

224 3042 424 3107 Dialectomm
450 3036 587 3107 'trotitirm
614 3062 651 3104 so
681 3043 775 3125 megin
804 3038 919 3103 utilem·
938 3053 971 3103 et
997 3045 1191 3108 necesssrisu

140 3130 258 3209 iudico,
280 3151 339 3211 quo
362 3128 466 3191 certior
487 3149 571 3206 sum,
592 3149 679 3210 quem
701 3126 845 3211 plurimos
868 3149 905 3188 ex
927 3150 1037 3191 earum
1062 3133 1192 3217 ignoren-

140 3219 184 3277 ιιι
201 3215 363 3279 multorum
380 3221 577 3296 Interpretum
600 3236 712 3277 errores
732 3215 916 3298 provenisse,
937 3216 994 3277 sed
1020 3240 1077 3280 ess
1096 3221 1191 3303 digno-

139 3325 303 3365 eserenon
328 3316 388 3363 tem
408 3300 495 3362 focile
516 3303 673 3380 existimo,
694 3314 729 3362 ut
750 3304 848 3363 omnis
868 3300 1017 3385 peculiari
1042 3327 1104 3367 suo
1123 3307 1191 3368 idio-

141 3391 223 3450 meti'
238 3388 398 3448 adiudices.

227 3475 341 3554 unique
359 3494 412 3534 sue
426 3474 544 3556 propria
560 3485 639 3552 sunt,
661 3473 783 3536 ennaea
802 3470 887 3535 nullo
907 3475 1036 3557 negotio
1061 3501 1081 3540 e
1101 3477 1195 3541 ceteris

141 3560 380 3645 distinguuntur:
402 3558 512 3637 multe,
535 3582 612 3643 quae
635 3582 704 3622 cum
725 3560 791 3623 eliis
810 3563 980 3623 communia
1001 3564 1058 3626 cui
1081 3565 1196 3649 potissi·

140 3668 225 3709 mum
247 3648 376 3722 tribuas,
399 3646 526 3708 dubites.
1073 3703 1076 3711 .

227 3735 328 3796 Minus
356 3733 636 3810 animadvertimus,
662 3732 744 3814 quod
770 3745 868 3794 temen
890 3745 1008 3794 constet
1032 3739 1198 3813 manifesto,

140 3816 305 3881 Dialectum
322 3821 459 3883 Doricam
479 3818 716 3904 distinguendam
737 3840 801 3881 esse
819 3821 852 3880 in
869 3840 982 3881 novam
1000 3835 1034 3883 et
1056 3839 1198 3901 veterem,

142 3916 172 3964 et
191 3903 267 3966 huno
287 3908 329 3967 ite
349 3927 417 3968 cum
437 3904 558 3968 Aeolica
579 3922 643 3968 esse
663 3920 826 3990 cognotam,
846 3920 880 3967 ιιι
900 3905 994 3968 ultera
1014 3909 1058 3970 ed
1080 3911 1200 3975 elterrm

100 4006 103 4022 ¹
141 3986 229 4050 focile
250 3990 350 4052 referri
370 3993 484 4074 possit;
504 3990 586 4052 illum
604 4014 723 4073 quoque
740 3993 777 4054 sd
793 3995 924 4056 lonicum
942 3995 1092 4058 nonnihil
1110 3995 1200 4060 emol-

140 4073 225 4137 litam
246 4075 355 4154 luisse,
379 4092 412 4138 ut
433 4099 527 4162 nuper
548 4080 586 4140 ad
607 4079 800 4142 Theocritum
824 4079 868 4143 Ol.
891 4078 1117 4148 Valckenarius
1139 4105 1200 4147 mo-
