2648 4792
144 472 241 561 Soplfi
261 470 341 538 Phil.
363 492 396 538 v.
417 477 495 536 730:
513 468 550 534 ed
569 473 655 538 Bloh.
676 476 701 539 Ι.
722 474 776 537 96.
797 464 834 534 ah
854 470 940 540 Assio
962 469 999 533 ad
1019 468 1096 535 utar.
1114 469 1201 545 Petis.
1227 527 1230 533 .

142 576 219 646 pag:
234 554 308 625 428.
328 562 360 623 ln
381 562 514 623 medium
539 561 664 644 prolata.
721 566 807 624 Errat
835 561 968 643 Heynius
990 561 1027 623 ad
1046 566 1146 627 Hom.
1167 560 1203 624 ll.

144 655 225 715 rm.
247 670 278 713 v.
298 653 371 711 866.
441 653 447 665 ”

223 740 346 819 Pap-9,
368 741 422 798 2³.
457 724 806 817 αροζοτεσοῦσεεν]Ι
835 731 914 795 Male
946 735 979 796 in
1003 732 1203 814 Xylondria'na

143 820 251 906 legitur
266 822 396 884 editione
412 817 637 905 προςπέοροαν.
674 821 761 896 Quod
779 821 905 883 fortasse
921 821 1146 904 typothetarum
1163 837 1204 883 est

145 931 236 972 error.
263 913 408 970 Brauon.

147 986 190 1035 ··¹
208 992 420 1077 sagum.
438 981 479 1059 ’Ἀ
510 980 866 1075 τεμονῆρεμόνην]
895 994 1027 1074 Hesyoh.
1045 984 1204 1075 Ἧρεμόνρ,

138 1071 284 1164 Ἄρτεμις·
302 1079 352 1139 ναὶ
368 1015 546 1165 Ἀφροδῖτη.
570 1084 701 1143 Morou.
733 1082 857 1142 manem
870 1083 1056 1163 Principem.
1091 1087 1205 1163 Ducem

145 1167 199 1233 vol
220 1167 411 1244 Praesidem,·
429 1167 588 1250 Spanhem.
610 1168 647 1227 ad
670 1160 785 1229 Gallim.
805 1173 895 1248 Hym.
920 1171 952 1229 in
971 1170 1056 1230 Dian.
1075 1188 1111 1231 v.
1132 1173 1204 1231 227.

146 1253 313 1317 ubimulta
332 1255 370 1315 de
388 1253 572 1315 cullu‘Dcre
593 1253 683 1315 huius
705 1258 880 1316 eonomine
901 1255 1073 1318 celebratae.
1104 1260 1204 1319 Vultu.

146 1332 411 1409 Addhcnuzerus
433 1341 702 1421 Symb.·et·Myth.
725 1346 764 1403 Τ.
784 1346 835 1406 lv.
856 1364 924 1427 pag.
947 1345 998 1406 75.
1023 1343 1070 1406 ed.
1085 1344 1152 1404 sec.

150 1505 159 1513 Ι
233 1431 305 1511 Pag.
324 1432 422 1511 &²⁶⁴
451 1420 678 1509 ἀγροτέρης
699 1423 888 1508 εἴκασμα]
917 1434 1000 1490 Hanc
1016 1443 1045 1490 et
1059 1431 1098 1490 ab
1112 1428 1205 1489 Athe-

146 1513 299 1577 niensibus
316 1514 425 1578 cultam
437 1536 503 1575 esse
517 1514 656 1574 discimus
678 1536 716 1576 ex
729 1513 831 1578 Schol.
842 1517 932 1579 Arist.
943 1517 1051 1597 liquit.¹
1060 1512 1110 1598 [v.
1118 1515 1206 1595 657]

148 1596 240 1675 ddlooc
258 1594 294 1662 dd
319 1598 449 1685 τιμῶσαν
469 1595 639 1679 Ἀθηναῖοι
658 1588 718 1680 τὴν
746 1594 914 1684 ἀγροτέραν
931 1593 1088 1686 ’Ἆρ’τεμνν.
1133 1606 1205 1664 Cum

149 1680 316 1755 Scholiusio
335 1687 388 1749 illo
408 1689 481 1749 fecit
499 1687 615 1748 Aelian.
629 1692 698 1751 Ver.
715 1690 792 1751 Hist.
810 1685 863 1750 lib.
875 1694 913 1752 Π.
933 1712 996 1771 cap.
1012 1695 1065 1753 25.
1099 1682 1205 1772 Ἀγρο-

149 1773 224 1860 τέρα
245 1784 342 1835 aute'm
364 1789 409 1836 est
428 1760 606 1859 dqqsqrc'srrl
629 1769 683 1834 nol
703 1762 886 1859 ἇγρεοτοκὴ,
907 1790 941 1837 ut
960 1777 1085 1858 exponit
1105 1775 1206 1839 Schol.

148 1856 243 1924 Pindi·
257 1862 295 1923 ad
309 1862 400 1943 Pyth.
415 1861 472 1923 0d.
489 1859 602 1940 1de.
615 1861 673 1942 6.].
710 1861 796 1921 Adde
811 1866 935 1925 Pausan.
955 1864 987 1924 in
1000 1861 1206 1946 Atticis-[cap.

151 1940 263 2030 19,’7.·]
282 1970 349 2033 pag.
360 1949 412 2011 84.
432 1952 564 2010 Moron.
585 1945 678 2011 Plura
696 1946 756 2007 huc
775 1949 911 2010 facientia
931 1951 1079 2033 congessit
1093 1954 1206 2012 Staret.

148 2037 189 2098 ed
199 2032 309 2101 Albric.
340 2058 403 2119 cop.
420 2042 470 2098 7.·
487 2034 564 2096 tid.
594 2038 703 2096 Meurs.
728 2034 766 2094 de
790 2035 899 2117 Popul.
924 2041 985 2099 Att.
1014 2057 1048 2101 v.
1076 2036 1206 2111 APPA,

146 2116 181 2185 e‘r
201 2122 360 2213 Ruhnken.
380 2122 419 2185 od
440 2121 521 2185 Tim.
540 2124 614 2184 Lex.
638 2142 708 2205 pag.
728 2124 799 2184 158.
831 2121 913 2208 [pag.
937 2128 1009 2186 168.
1030 2123 1079 2187 ed.
1100 2125 1207 2206 Koch]

149 2215 253 2274 Vrit'rr.
302 2214 305 2221 '
369 2274 371 2278 Α
823 2230 826 2239 ·
1043 2246 1046 2251 ·
1089 2246 1091 2251 ,
1143 2246 1148 2256 ·

223 2300 295 2380 Peg.
310 2300 342 2372 9,
359 2301 412 2359 29.
441 2283 637 2378 Ἤπειρον
657 2276 795 2377 οὖσαν]
831 2301 892 2377 Pro
911 2288 1000 2374 εἶναι,
1020 2310 1056 2358 ut
1077 2320 1141 2380 cap.
1156 2297 1206 2359 41.

151 2375 193 2454 ὡς
215 2378 291 2463 ἔγνω
312 2369 413 2462 aricio
432 2379 674 2465 παρελθοῦσαν,
694 2384 825 2465 positum
845 2384 980 2471 pluribus
1005 2383 1130 2446 aliorum
1153 2405 1206 2444 ex-

150 2469 257 2552 emplis
277 2471 381 2553 probat
402 2471 499 2531 Periz.
517 2470 555 2530 ad
575 2468 691 2532 Aelian.
711 2474 747 2532 V.
769 2475 807 2533 H.
828 2469 881 2534 lib.
903 2478 956 2534 III.
979 2494 1043 2554 cap.
1069 2474 1122 2536 17.
1142 2492 1207 2555 pag

151 2558 227 2622 234.
249 2570 278 2617 et
295 2558 417 2618 Dissert.
435 2554 486 2618 tv.
509 2579 574 2638 cap.
592 2563 645 2619 27.
680 2560 782 2620 Vana.
828 2586 831 2593 ·
907 2550 921 2587 '·
987 2590 990 2595 ·
1118 2580 1123 2591 ·

151 2674 154 2679 ·
225 2629 883 2726 1818.πολεμήοονταςγὰραῦτῷ]
922 2643 1206 2725 Cod.Paris.quod

104 2712 276 2831 Rexhibst
295 2721 373 2789 adro
391 2727 479 2806 (sic),
500 2729 533 2788 in'
551 2714 649 2788 αὐτὸν
669 2728 764 2791 lenius
786 2732 892 2791 mutari
911 2752 1000 2812 posse
1020 2734 1061 2792 ait
1082 2733 1207 2807 Bestius,

153 2816 293 2897 quoniam
315 2814 464 2891 πολεμεῖν
484 2835 553 2874 cunr
573 2829 676 2895 quarto
699 2836 768 2878 casu
793 2819 926 2878 iunctum
946 2819 977 2877 in
998 2817 1130 2902 vulgetis
1151 2820 1208 2879 fere

152 2915 337 2989 numeretur²
374 2899 521 2979 Equidem
539 2899 701 2982 -vulgatam
728 2904 901 2986 scripturam
929 2904 1065 2966 intactam
1094 2905 1207 2985 reliqui.

152 2993 251 3071 Atque
275 2988 333 3048 hoo
360 2988 480 3047 omnino
500 2986 577 3049 inter
597 3002 755 3069 utrumque
774 2991 912 3051 interesse
933 2993 1034 3052 statuit
1054 2992 1208 3053 Fischerus

153 3077 191 3137 ad
211 3073 337 3138 Wcller.
359 3077 399 3135 T.
421 3077 474 3136 111.
495 3079 530 3135 P.
547 3081 577 3138 1.
594 3097 661 3159 pag.
676 3079 751 3139 408.
773 3091 807 3137 ut
826 3079 971 3152 πολεμεῖν
990 3079 1131 3140 adiuncto
1149 3090 1208 3145 ton

151 3164 195 3224 tio
218 3184 288 3224 casu
308 3162 459 3244 significet·
476 3159 589 3220 bellum
606 3183 727 3243 gerere,
739 3176 887 3245 pugnare
904 3184 976 3222 oum
994 3166 1123 3246 aliquo,
1144 3188 1208 3225 cum

153 3263 257 3330 quarto
280 3270 349 3309 casu
370 3246 448 3305 bello
469 3244 607 3326 aliquem
628 3261 734 3329 petere
749 3260 790 3308 ct
818 3248 986 3329 infestare,
1018 3246 1209 3334 oppugnhro,

153 3336 193 3397 de
213 3356 267 3411 eo,
290 3335 342 3415 qui
361 3330 474 3392 bellum
500 3333 588 3394 alicui
608 3336 704 3398 infert.
756 3328 937 3409 Quibuscum
959 3337 1106 3397 conferam
1130 3338 1209 3398 haud

63 3474 66 3481 .
153 3419 313 3484 dissimilia
333 3422 365 3478 in
387 3417 488 3502 lingua
508 3419 683 3481 vernaculas
717 3424 774 3478 mit
792 3421 1121 3504 Jamandem=kriegm
1147 3424 1210 3485 sive

152 3507 254 3588 ‘Krieg
266 3498 389 3588 fridren
416 3519 503 3584 atque
524 3502 692 3566 Imanden
719 3505 887 3588 bedriegen.
939 3508 1024 3583 Quod
1052 3511 1209 3572 discrimen
1241 3524 1246 3537 '

154 3618 174 3656 ε
193 3593 311 3656 Graecis
328 3614 401 3652 num
422 3605 584 3652 constanter
604 3594 643 3652 sit
664 3595 867 3667 observatum,
890 3608 967 3655 certo
986 3588 1120 3657 definire·
1133 3620 1210 3659 nuno

104 3754 108 3763 Ι
153 3701 280 3762 nequeo.
323 3676 551 3759 Pluradabunt
569 3680 771 3742 Hemsterhus.
794 3680 832 3741 ed
852 3682 988 3763 Xenoph.
1009 3683 1124 3764 Ephes.
1143 3707 1209 3769 pag.

156 3762 231 3832 197.
246 3766 309 3830 ·ed.
334 3762 446 3828 Looell.
468 3756 740 3848 Schweighaeuser.
769 3767 807 3827 od
827 3770 954 3849 Appian.
978 3767 1047 3831 Vol.
1067 3775 1124 3838 111.
1144 3793 1210 3854 pag.

155 3859 232 3916 128.
261 3851 443 3934 Wcsseling.
464 3852 502 3911 ad
522 3853 612 3914 Diod.
635 3852 728 3918 Sicul.
756 3858 796 3918 Τ.
816 3859 841 3918 1.
867 3877 934 3939 pag.
956 3852 1125 3922 1605305.
1159 3861 1210 3918 lti-

154 3940 250 4002 ooher.
272 3939 309 3998 od
330 3938 469 4020 Palaeph.
487 3960 526 4020 pa
545 3983 554 4001 .
576 3940 629 4001 74.
648 3943 701 4002 75.

230 4028 302 4105 Pag.
324 4029 355 4101 9,
377 4031 429 4087 30.
465 3959 650 4095 Kedroric
678 4022 747 4088 nol
773 4015 956 4108 Χάονας]
992 4027 1117 4110 Aliquid
1137 4043 1209 4114 por-

156 4111 231 4176 tenti
257 4109 347 4171 lstere
375 4112 431 4171 sub
459 4129 536 4171 voce
563 4102 720 4191 Κελτοὺς,
751 4117 838 4175 nemo
867 4137 927 4175 non
953 4114 1047 4178 videt.
1105 4116 1210 4180 Nullus

155 4196 393 4286 geographorum
415 4194 512 4261 celos
530 4197 563 4260 in
583 4201 675 4282 Epiro
696 4199 865 4265 chaonibus
885 4215 915 4264 et
933 4201 1210 4301 Thesprotis'vici·
