2648 4792
154 472 349 551 yix2restitui
367 483 516 557 possunt,¹
538 467 621 552 quod
641 477 719 534 nnn's
739 464 874 543 burdurn
895 466 1009 535 (lodex
1032 472 1095 537 tn.
1116 487 1205 556 exstet,

154 592 174 632 e
194 588 255 648 quc
275 561 431 644 descripsit
456 556 627 640 Xylander,
665 572 696 620 et
720 578 900 639 quemquam
923 581 942 620 a
972 572 1136 624 vetustate
1157 585 1210 627 sess

148 650 343 719 commendet
363 646 497 732 egregie,
523 646 673 708 mrissiuo
694 657 725 707 ct
745 657 814 707 ante
833 666 1007 726 numquam
1031 649 1071 709 ei'
1083 648 1152 711 viso
1166 650 1210 712 lit·

153 755 286 807 tsrasum
303 754 412 822 genere
428 734 624 816 conscriptus,
637 731 717 793 unde
736 744 767 792 et
783 731 845 809 bie,
866 731 941 793 licet
959 737 1152 799 (incensum
1168 735 1211 799 lit,

149 840 284 893 tunsum
311 823 524 907 peritissimus,
562 816 677 881 librarii
704 829 803 880 tenen
830 836 957 881 manunt
988 840 1210 904 nonnunqum

151 938 216 979 non
234 924 315 977 secte
334 908 453 988 sesequi
476 904 591 991 potuit,
618 924 695 986 quse
722 926 783 985 quo
809 905 903 988 msgis
933 907 1209 989 animadvertimus,

151 1022 191 1067 sc
210 1000 309 1063 minus
330 995 370 1057 de
390 994 561 1057 nennius
581 990 794 1070 dialectorum,
818 1012 910 1076 saepe
935 993 976 1055 in
1003 1016 1072 1057 uns
1091 994 1208 1061 littrsdr

150 1090 233 1169 sits„
248 1082 375 1146 iudicari
396 1093 504 1164 potest.
919 1130 925 1141 .

236 1177 304 1235 Non
318 1189 396 1253 nego
413 1180 522 1243 tamen,
536 1163 727 1234 Antoninum,
740 1175 776 1225 ut
789 1161 897 1242 solent,
913 1168 1117 1252 quicumque
1127 1168 1204 1235 siu

147 1281 243 1344 opera
261 1255 314 1320 vel
333 1257 366 1317 in
384 1251 595 1337 compendium
619 1251 776 1334 redigunt,
797 1250 849 1313 vel
867 1250 993 1337 integra
1014 1255 1088 1321 locs
1109 1258 1203 1321 detui-

149 1348 245 1423 bnnt,
286 1345 352 1427 ipsa
379 1342 557 1424 scriptorum
584 1339 762 1423 plerumque
786 1340 961 1403 lonicorum
1001 1356 1036 1405 et
1062 1350 1202 1427 pedum

148 1435 243 1497 verbs
263 1450 415 1507 servasse,
443 1440 473 1488 ct
492 1427 564 1489 bino
584 1425 746 1507 quidquam
764 1423 803 1487 iis
828 1428 996 1509 proprium
1023 1433 1201 1512 wutrsmue,

148 1520 230 1583 uude
249 1517 371 1581 lonismi
392 1515 529 1596 vestigia,
551 1527 582 1573 et
601 1513 701 1576 forsan
715 1512 843 1593 po‘c‘tica,
862 1512 896 1573 iu
917 1534 958 1576 eo
980 1520 1147 1599 agnovisse
1162 1520 1201 1581 bic

146 1604 213 1669 illic
231 1603 373 1679 iudicavi,
394 1615 424 1663 et
444 1621 520 1680 quae
541 1598 616 1659 milri
636 1598 708 1659 talia
727 1597 849 1660 luerunt
867 1599 957 1675 viss,
973 1604 1043 1665 suis
1064 1603 1142 1669 leuis
1154 1626 1199 1669 ne·

147 1692 222 1769 tavi,
243 1704 277 1752 ut
296 1688 349 1751 illa
369 1699 502 1770 repetere
521 1686 582 1746 iam
603 1683 821 1767 supersedeam.
856 1690 927 1749 Duo
953 1701 1062 1752 tamen
1083 1706 1199 1774 praeter·

146 1780 218 1842 ruisi
225 1822 237 1851 ,
262 1789 297 1839 ut
321 1774 382 1837 lruo
410 1773 613 1835 transferrem:
646 1764 779 1873 tidporroc
800 1792 864 1854 cap.
888 1778 942 1835 18.
968 1778 1060 1857 quod
1079 1781 1197 1842 lonicum

145 1864 278 1941 uidetur,
298 1862 353 1925 ubi
370 1859 526 1923 Aristoteli
547 1873 578 1927 et
597 1857 662 1920 eliis
682 1853 817 1939 σέρσσος
836 1872 987 1940 vocetur,
1013 1876 1048 1926 et
1070 1887 1136 1950 cup.
1155 1871 1194 1931 ts

144 1939 359 2027 Mensem,
389 1947 469 2028 quod
489 1970 507 2007 r
525 1951 614 2029 polita
633 1942 781 2029 recepisse
801 1945 931 2020 videtur,
955 1949 1057 2013 ruodo
1079 1974 1120 2015 us
1136 1954 1193 2017 site

144 2037 277 2114 librario,
299 2058 368 2098 cusu
389 2057 453 2117 cap·
475 2036 528 2097 2⁵.
549 2018 723 2093 mecon
742 2031 899 2110 exhibent,
929 2056 1125 2120 quemquam
1141 2061 1191 2103 m·

143 2125 216 2210 pius
236 2144 305 2185 sum
326 2121 455 2183 variasse
476 2120 617 2182 vidimus.
649 2119 711 2182 Sed
726 2119 792 2201 ipsa
805 2118 879 2180 baec
897 2123 1035 2185 variatio
1059 2139 1191 2204 munsnst,

143 2223 178 2275 ut
198 2230 342 2292 cumpro
362 2206 508 2285 diversis,
528 2227 604 2287 quos
625 2218 745 2269 secutus
768 2204 836 2277 tuit,
855 2207 1087 2290 scriptoribus,
1106 2214 1190 2277 divu-

141 2320 213 2362 sum
231 2298 381 2359 imitatum
401 2293 495 2357 fidsse
520 2292 650 2374 stylum,
682 2306 714 2355 et
733 2291 772 2354 de
797 2310 869 2354 vere
891 2295 961 2357 eius
990 2295 1126 2363 lectione
1148 2320 1190 2363 nes

143 2382 212 2449 iere
226 2384 367 2460 incertos,
387 2380 460 2443 dum
476 2377 602 2443 alterum
619 2377 672 2443 vel
693 2376 794 2462 plures
811 2377 938 2442 Codices
960 2381 1126 2470 indulgent
1140 2387 1191 2449 ler-

142 2484 225 2535 ωσι.
266 2474 306 2533 tJr
326 2468 382 2532 vix
402 2468 476 2529 renti
494 2469 551 2542 sit,
578 2466 661 2550 qued
689 2465 737 2529 bis
767 2465 982 2548 meremur,
1014 2472 1079 2536 nisi
1107 2473 1187 2537 deis
1229 2446 1232 2529 l

140 2559 241 2621 miuus
260 2556 448 2620 convenisset
468 2555 545 2617 inter
565 2559 686 2617 Doctos.
1051 2576 1056 2587 ·
1230 2576 1232 2583 ·

210 2644 501 2709 ,nomenatus
522 2643 555 2702 in
580 2642 680 2724 priore
700 2638 830 2703 editione
846 2639 926 2703 nibil
948 2643 1186 2711 mimsdrsrturt
1230 2624 1232 2675 Ι

139 2731 312 2808 Berlelius,
345 2727 562 2813 praeterquod
590 2721 743 2810 th,
779 2749 867 2810 quam
887 2748 1005 2793 vocem
1028 2746 1100 2797 tum
1118 2733 1186 2796 niuis

139 2818 289 2901 poetieam
303 2815 523 2898 pronuntiabat,
543 2815 576 2875 iu
598 2810 733 2884 Τιτᾶνας
753 2826 912 2881 mutasset,
943 2821 1119 2901 Postquam
1129 2839 1182 2883 rere

138 2906 175 2969 tn
194 2923 249 2966 sue
265 2901 323 2963 Ed.
343 2900 381 2962 sd
403 2921 508 2962 vocem
528 2891 674 2980 ciprum
694 2899 858 2963 offenderet
877 2903 1093 2986 btunekerua,
1112 2903 1182 2970 eril-

138 2987 195 3053 lud
213 2976 360 3058 ἔσᾶἵστσς
380 2985 547 3048 dubitanter
566 3007 606 3048 ex
623 2986 706 3047 Ionis
726 2987 899 3069 admittens,
919 3005 1049 3071 praeter
1068 3013 1184 3057 muns·

137 3096 208 3139 nem
229 3073 281 3138 vel
307 3075 435 3136 Atticam
457 3073 556 3155 potius
584 3069 698 3134 nullam
718 3086 878 3158 agnoverat
899 3074 934 3135 iu
959 3080 1082 3144 Nostro
1107 3078 1184 3143 disls·

137 3174 239 3239 m,
276 3160 310 3223 in
336 3158 426 3223 ultera
452 3159 510 3222 lld.
535 3157 641 3242 plures
667 3179 728 3221 nou
755 3158 878 3223 lonistni
903 3174 1051 3245 tantum,
1093 3166 1184 3230 sedd

136 3248 262 3311 Doricae
282 3261 313 3310 ct
331 3245 470 3309 Aeoliese
492 3246 610 3309 dialecti
630 3244 769 3327 reliquias
789 3247 942 3317 detexisse
960 3250 1027 3313 sibi
1049 3253 1133 3317 vim
1148 3263 1183 3313 est

135 3333 301 3411 Berlselius,
319 3335 463 3396 renitente
482 3332 643 3394 admodum
662 3333 837 3405 blunukcro,
854 3333 889 3395 in
906 3338 1061 3401 mcuudis
1075 3341 1115 3401 ad
1126 3342 1179 3417 lly-

135 3420 318 3503 tbograpbos
335 3421 426 3497 curis,
445 3420 560 3482 etiamsi
571 3415 718 3484 D'Orvill.
736 3418 897 3481 adtlbarit.
907 3442 980 3504 pag.
997 3428 1056 3489 67.
1077 3427 1179 3499 mribst,

133 3505 224 3591 plura
241 3507 427 3569 dirutarum
447 3504 642 3568 dialectorum
669 3507 794 3590 vestigia
813 3507 852 3568 cb
871 3509 1025 3573 Antonini
1044 3517 1180 3597 Interpre-

135 3595 217 3656 tibus
236 3605 317 3655 recte
337 3591 541 3655 animadversa
562 3613 635 3655 esse.
784 3636 789 3657 2
818 3616 822 3621 ·
1032 3648 1036 3655 .

140 3726 143 3731 -
220 3678 305 3743 Alter
324 3679 426 3760 itaque
446 3700 549 3743 omnes
576 3677 701 3741 aliarum
721 3664 915 3743 disleetordm
932 3677 1087 3764 reliquias
1105 3678 1180 3758 tolli.

65 3794 68 3799 ·
135 3787 212 3847 ques
230 3765 305 3829 alter
325 3779 435 3851 urguet
453 3767 568 3842 acriter,
590 3766 639 3827 cui
660 3764 822 3829 adsentitur
842 3776 941 3829 tamen
962 3787 1032 3831 uon
1048 3766 1180 3834 -n’orvit

132 3849 194 3913 lius
214 3865 360 3952 tentum,
380 3852 435 3916 sed
463 3865 494 3915 ct
521 3853 662 3915 semim.
704 3850 762 3914 llle
788 3856 932 3927 Nostrum
958 3834 1081 3930 ariste,
1111 3848 1181 3938 quod

133 3938 299 4017 quinquies,
319 3937 419 4010 cedre
438 3937 533 4003 semel
553 3938 706 4016 adhibuit,
721 3939 861 4007 'lonicum
880 3938 965 4018 iacit,
986 3962 1043 4009 sue
1062 3963 1124 4007 non
1139 3943 1180 4002 in-

132 4024 209 4096 vite,
230 4027 257 4085 si
275 4027 315 4087 sit
335 4028 372 4088 rb
389 4025 532 4089 Antonini
552 4046 651 4086 manu.
686 4025 744 4087 llic
764 4025 860 4087 eidem
876 4026 1019 4088 idiomati
1041 4029 1180 4099 adiudicat

133 4109 197 4186 (st-
214 4113 389 4194 Gregorium
414 4134 481 4197 pag.
503 4108 595 4195 251.)
621 4099 789 4191 cuiusce,
817 4106 947 4194 serione,
969 4107 1176 4197 ,Holcdo'pnc

132 4190 288 4281 dictitet,
308 4187 465 4285 cipum,
484 4187 633 4284 odessus,
652 4184 720 4283 leis
740 4210 771 4263 et
787 4189 886 4269 aitte·
919 4198 1090 4279 Berkelius
1106 4204 1176 4265 Aet·
