2648 4792
81 286 183 341 xxlv

92 476 95 501 2
187 443 369 549 Superant
393 437 565 538 labulae3
589 430 749 543 querum
772 435 957 544 magnum
971 435 1154 515 halsemus

83 570 292 634 numerum,
319 543 365 622 de
391 539 607 637 hominibus
627 543 840 639 miserias,
866 545 1022 646 plantas,
1046 568 1155 619 mon-

83 668 161 746 tes,
187 649 340 726 flumina
365 649 573 742 conversis,
590 686 593 695 ·
610 672 702 749 quas
728 671 751 721 a
775 648 894 749 potitis
919 646 1006 720 (lata
1031 645 1156 747 quali-
1200 710 1202 714 .

86 779 246 854 cumque
262 757 463 831 =oeoasione
489 765 553 824 aut
576 749 744 824 inventas
767 764 830 823 aut
854 750 1046 852 ampliatas
1071 774 1156 842 my-

85 855 234 958 thisque
259 852 467 930 notioribus
485 846 628 927 additas
651 877 729 926 esse
748 851 933 946 videmus,
956 853 1034 925 sive
1056 847 1178 951 quod.

65 952 167 1042 *mos
192 960 246 1033 ita
270 956 412 1052 serret3'
427 953 521 1059 *sive
574 952 649 1027 uod
681 951 762 1056 ipsa
785 948 915 1028 fabula
937 954 1057 1055 magis
1082 951 1158 1028 hoe

89 1062 305 1137 ornamento
329 1058 501 1161 placeret.
544 980 787 1160 Quantopere
814 1056 975 1157 antiquis
1000 1057 1160 1160 scripto-

87 1164 194 1242 ribus
219 1159 292 1236 hoc
317 1172 576 1261 argumentum
609 1159 792 1251 arriserit,
826 1159 1046 1233 documento
1079 1184 1161 1232 esse

88 1279 208 1375 potest
245 1264 338 1339 Boei
373 1259 656 1362 Ὀρνιθογονία
676 1258 731 1334 ”et
765 1261 913 1336 Eumeli
944 1259 1163 1356 Bovyour'u,

67 1364 70 1368 ’
89 1370 318 1470 quamquam
337 1365 370 1438 is
388 1365 575 1466 quomodo
592 1372 759 1457 versatus
768 1362 821 1439 sit
845 1363 887 1439 in
909 1365 1065 1441 materia
1080 1386 1170 1460 sua,.

90 1485 195 1547 certo
218 1467 378 1542 iudicari
399 1468 544 1568 nequit.
614 1515 618 1521 -
771 1495 774 1500 ·

91 1606 107 1666 ¹:
193 1569 380 1647 Hactenus
414 1578 459 1644 e‘a
502 1567 726 1673 disputando.
756 1567 921 1644 breviter
948 1568 1164 1672 persecutus

91 1700 196 1770 sum,
221 1670 553 1776 quaefabularum
577 1672 626 1750 de
649 1672 899 1747 transmutatis
925 1671 1056 1747 formis
1083 1672 1161 1746 ori-

122 1779 143 1799 ''
160 1803 197 1851 es
224 1786 332 1876 atquc
357 1775 583 1851 incrementa
606 1776 828 1879 probarent,
867 1799 941 1876 qua
972 1775 1014 1849 in
1037 1801 1079 1850 re
1106 1772 1165 1848 ef-

52 1804 205 1959 ..iiim
232 1879 357 1963 studui
365 1880 444 1972 ,sut
463 1903 519 1953 ex
543 1877 648 1980 larga
662 1876 734 1954 hac
752 1893 790 1952 et
810 1878 983 1954 intricata
1007 1877 1165 1953 materia

5 2080 6 2084 Ἰ
94 1981 201 2058 ‹luce'
215 1982 440 2056 Mellmunno
466 1980 724 2076 transferrem,
760 1990 856 2083 quae
891 1981 939 2056 ad
967 1981 1166 2055 consilium

69 2106 221 2168 ,meum
254 2083 419 2159 maxinie
452 2099 572 2159 essent
601 2084 891 2160 accommodata.
941 2085 1099 2180 Restat‚·
1121 2095 1166 2156 ut

94 2211 344 2289 exponamus,
381 2186 518 2286 quihus
542 2187 771 2290 temporibus
796 2201 834 2261 et
859 2212 1018 2289 quorum
1042 2183 1166 2260 studio

94 2303 217 2383 totum
247 2285 320 2362 hoc
353 2287 709 2394 metamorphosium‘
730 2315 847 2393 genus
880 2286 1074 2365 excultum
1105 2289 1164 2362 sit.
1229 2341 1232 2346 -

94 2380 219 2491 Atque
244 2388 340 2466 haee
365 2392 517 2492 quidem
547 2394 712 2494 quaestio
739 2392 862 2497 paullo
889 2393 999 2467 altius
1022 2405 1168 2494 repeta-

8 2525 13 2534 ·
94 2506 158 2568 tur
183 2509 340 2594 oportet,
366 2496 543 2594 quoniam
567 2496 841 2598 antiquissimos
860 2504 987 2600 poetas
1003 2492 1169 2595 singulas

94 2593 243 2683 fabulas
270 2597 497 2673 carminibus
523 2600 599 2674 suis
624 2599 828 2674 intexuisse
853 2599 1044 2688 videmus,
1070 2618 1167 2695 quaa

96 2699 235 2801 seriqre
261 2712 380 2771 aetate·
404 2700 531 2773 multis
555 2699 678 2772 modis
701 2713 842 2795 auctae,
869 2711 1076 2792 exornatae,
1102 2695 1170 2772 ‹le-
1224 2784 1227 2789 ,

96 2799 212 2899 nique
237 2799 279 2872 in
303 2816 420 2873 unum
446 2825 579 2902 corpus
605 2798 654 2872 ab
674 2799 757 2875 aliis
773 2799 944 2875 redactae
957 2815 1059 2881 sunt.
1085 2800 1170 2874 Pri-

96 2901 247 2978 masin
271 2897 331 2974 his
356 2900 440 2976 sons
458 2901 744 2977 considerandus
771 2916 825 2976 est
834 2898 1035 2996 Homerus,
1063 2896 1169 2977 cuius

96 3004 141 3080 in
157 3002 394 3096 'carnriuibus
418 3002 633 3078 fabrrlarum
657 3000 884 3081 incunabula
910 3005 1169 3108 conspicimus.

97 3105 211 3182 Hunc
229 3106 349 3180 'enim'
369 3107 545 3182 cecinisse
578 3107 715 3181 seimus
752 3107 798 3181 do
824 3102 945 3182 Niobe
970 3108 1012 3181 in
1037 3132 1171 3182 saxum

99 3208 235 3284 montis
262 3207 383 3310 Sipyli
407 3202 669 3284 ¹transformata
694 3209 735 3284 II.
759 3207 827 3284 lib.
854 3209 994 3286 XXIV.
1007 3237 1066 3286 -v.-
1082 3212 1170 3285 602.
1199 3289 1202 3293 ,

99 3309 148 3386 'da
174 3310 334 3403 dracone
359 3312 401 3385 in
425 3311 589 3409 lapidem
615 3312 857 3388 conversali.
883 3311 951 3388 lib.
968 3313 1012 3389 ΙΙ.
1037 3339 1074 3388 v.
1092 3307 1169 3387 309

101 3410 262 3488 auare.
289 3412 336 3487 de
361 3411 572 3489 Phaeacum
597 3439 690 3488 nave
712 3415 753 3489 in
778 3439 912 3491 saxum
936 3429 1076 3490 mutata
1099 3411 1170 3489 od.

101 3513 171 3589 lib.
186 3514 286 3590 XIII.
312 3543 348 3590 v:
367 3517 440 3592 155
458 3543 539 3618 sqq.
566 3517 611 3592 de
630 3517 809 3592 Pandarei
827 3517 917 3612 filia,
943 3544 1039 3622 quae
1059 3517 1174 3591 lusci-

102 3617 186 3691 niae
211 3615 371 3691 sormam
396 3618 571 3716 induerit,
601 3616 671 3696 Oa.
697 3620 766 3695 lib.
791 3620 896 3696 XIX.
924 3645 960 3696 r.
987 3621 1063 3696 518
1088 3644 1170 3719 sqq.

103 3718 152 3813 de
176 3720 309 3793 Proteo
334 3721 556 3823 multiformi
581 3720 651 3810 od.
667 3722 738 3807 liu.
752 3719 826 3808 ltu
839 3750 875 3798 r.
891 3721 980 3803 417.
996 3721 1074 3797 455
1091 3747 1173 3822 sqq.

103 3820 312 3899 Proximus*
322 3815 466 3900 accedit
482 3823 676 3900 Hesiodus.
685 3824 727 3899 in
743 3821 935 3927 Theogon.
950 3851 986 3900 v.
1003 3819 1078 3900 183'
1091 3850 1175 3925 sqq.

105 3920 261 4019 Veneris
289 3926 474 4028 originem
499 3943 536 4003 et
554 3927 694 4002 Terrae
719 3944 867 4030 partum
892 3953 942 4001 ex
961 3925 1064 4002 Coeli
1089 3951 1176 4000 sau-

106 4025 238 4125 guine,
264 4026 365 4104 ibid.
390 4045 430 4105 v.
452 4029 562 4107 280..
600 4030 782 4135 Pegasum
798 4046 854 4106 --et
889 4027 1096 4131 Chrysaore
1126 4055 1177 4104 ex

107 4128 287 4231 sanguine
301 4128 476 4237 Malusne
488 4142 629 4237 portum
648 4142 870 4213 memorans.
889 4132 996 4209 atem
1016 4132 1059 4211 in
1078 4129 1174 4237 opp.
