2648 4792
1150 291 1196 361 ⁸8
1264 279 1267 283 .

131 478 170 538 et
203 487 329 538 eorum
358 459 443 535 loco
475 460 597 535 stellas
629 458 677 532 de
707 473 806 533 terra
838 461 1063 560 excitarunt,
1090 491 1191 569 *quae

129 608 217 656 cum
230 581 528 684 supposuissent,
555 579 599 651 in
632 577 784 652 coeluht'
811 595 1021 675 evaserunt,
1056 608 1190 687 eosque

129 697 295 774 &metas
331 698 525 801 appellant.
564 697 770 770 Caeterum
796 697 894 798 apud
920 696 1191 795 Orchomenum

128 819 298 915 Boeotiae
323 819 457 892 urbem
475 842 599 895 omnes
615 817 735 890 Aones
747 813 967 903 illustrabis
984 813 1190 921 virginibus

127 939 306 1040 templum
316 937 543 1021 dedicarunt,
552 936 671 1035 iisque
682 935 877 1034 quotannis
885 938 1192 1042 puerietp'uellae
1271 948 1273 953 ’

127 1083 233 1133 sacra·
246 1055 421 1159 placandi
434 1079 546 1129 ¹eausa
565 1051 724 1128 offerunt
737 1052 981 1156 donat-atque
992 1049 1191 1139 etiamnum

129 1177 179 1251 ab
194 1174 438 1253 Aeolensibus
455 1197 518 1248 eae
534 1167 732 1249 Coronides
744 1168 907 1275 vlrgines
920 1177 1192 1258 nominanturs·

158 1324 162 1353 ι
231 1295 320 1370 Gir.
344 1292 483 1369 xxvt·
531 1295 700 1394 Hylae.¹
745 1292 808 1368 At
832 1319 877 1367 eo
897 1293 977 1394 ipso
999 1296 1194 1376 nicanore

128 1413 239 1490 libro.
274 1412 585 1511 ,Heredes-aun
616 1413 834 1514 Argonautis
843 1422 910 1506 ,ra
943 1415 1078 1513 quibus
1099 1437 1191 1495 erat

127 1534 210 1623 dux
219 1528 415 1627 cereatum:
425 1534 601 1634 navigans
611 1580 626 1616 ‚
660 1553 736 1604 aaa
768 1552 905 1606 secum·
924 1532 1033 1609 duxit
1057 1538 1191 1632 Hylam

129 1651 325 1748 CeycisF.
358 1652 642 1725 adolescentem
655 1676 706 1752 pu
706 1649 885 1725 tchmm.
894 1646 970 1725 ···Ut
995 1654 1042 1728 ad
1066 1646 1190 1734 fauces

128 1773 237 1848 Ponti
256 1784 510 1874 peruenerunt,
535 1785 578 1844 ut
590 1763 861 1871 Arganthones
857 1794 1074 1871 procursus
1084 1767 1192 1875 pra‘e-
1260 1794 1262 1801 '

129 1893 287 1966 terrecti
302 1906 425 1985 sunt,
447 1883 667 1992 tempestate
685 1905 722 1964 et
745 1888 918 1964 fluctibus
935 1892 1108 1987 coortis,
1126 1910 1190 1968 ιιιιῑ

132 2011 288 2087 choras
276 2036 407 2104 iecere,
426 2034 629 2110 navemque
646 2006 903 2083 inhibuerunt.
921 2010 1095 2085 Praebuit
1112 2028 1189 2087 tum
1273 2036 1279 2041 ·

131 2131 308 2205 heroibus
339 2129 515 2204 Hercules
550 2154 716 2203 coenamr
760 2154 926 2230 puerque
960 2130 1074 2225 Hylas
1108 2159 1192 2208 eum

131 2276 224 2324 urna
248 2249 294 2323 ad
311 2250 509 2323 Ascanium
535 2274 679 2320 amnem
695 2247 788 2330 ivit.
807 2273 940 2346 aquam
964 2251 1012 2322 iis
1031 2251 1190 2326 allatum.

132 2370 252 2464 Quem
270 2383 312 2440 ut
329 2367 499 2438 viderunt
516 2363 696 2466 nymphae
717 2365 794 2438 eius
811 2365 918 2438 fluvii
933 2366 1043 2462 filiae,
1070 2386 1193 2444 amore

133 2501 334 2587 correptae,
359 2482 587 2556 haurientem
611 2485 660 2581 in¹
676 2483 814 2557 fontem
839 2480 1059 2558 deiecerunt.
1101 2487 1194 2562 Cum

133 2604 306 2681 adhunc
340 2603 491 2676 modum
522 2600 700 2675 emedio
732 2601 1035 2698 sublatus-*Hylas
1061 2604 1203 2682 frustra

122 2737 423 2827 exspectaretur,
450 2721 624 2796 Hercules
649 2721 786 2795 relictis
812 2719 986 2795 heroibus
1011 2725 1193 2825 undiqua-

134 2858 206 2945 que
247 2843 387 2938 sylvam
427 2841 644 2942 perlustrat,
696 2842 838 2941 saepius
880 2842 1048 2917 invocato
1083 2844 1192 2939 Hyla.

133 2961 326 3064 Nymphae
353 2977 474 3035 eutem
499 2976 717 3054 metuentes,
742 2986 787 3032 ne
815 2960 913 3061 apud
934 2987 971 3034 se
999 2961 1194 3036 abscondi-

133 3098 215 3155 tum
238 3081 374 3175 Hylam
406 3081 595 3153 inveniret·
611 3079 805 3163 Hercules,
839 3105 995 3179 puerum
1023 3060 1194 3152 illumin

125 3198 323 3276 'Echonem
342 3213 625 3279 commutarunt:
652 3199 776 3296 itaque
793 3223 898 3298 saepe
917 3198 1088 3271 clamanti
1101 3199 1195 3272 Her-

138 3320 227 3413 culi,
252 3344 381 3393 vocem
404 3316 575 3391 reddidit.
618 3316 793 3390 Hercules
821 3340 905 3389 oum
930 3316 997 3390 diu
1022 3318 1195 3391 multum-

139 3465 212 3538 que
238 3437 445 3537 quaesitum
458 3435 594 3531 Hylam
616 3436 781 3507 invenire
803 3436 980 3533 nequiret,
1007 3437 1054 3508 ad
1072 3439 1195 3508 navim.

138 3557 262 3652 rediit,
286 3571 323 3630 et
348 3580 433 3630 cum
455 3553 630 3629 heroibus
657 3552 769 3627 abiit:
795 3551 1018 3654 Polyphemo
1042 3553 1100 3626 ihi
1123 3555 1196 3626 loci

140 3676 290 3770 relicto,
334 3675 366 3748 si
391 3699 464 3774 qua
489 3675 522 3746 is
547 3672 583 3746 ei
607 3685 728 3774 posset
752 3671 885 3765 Hylam
903 3672 1114 3771 indagando
1140 3695 1197 3744 re.-

141 3795 273 3896 perire.
344 3794 417 3866 Sed
449 3783 702 3893 Polyphemus
732 3804 848 3864 morte
883 3805 937 3864 est
971 3803 1196 3889 praeventus.

141 3914 285 3988 Incolae
311 3928 433 3986 autem
456 3913 498 3985 in
519 3909 621 3984 hune
650 3935 768 4008 usque
793 3908 893 3981 diem
917 3907 1034 4002 Hylae
1060 3907 1199 3982 sacrifi-

144 4046 229 4105 cant
252 4033 357 4105 iuxta
374 4031 530 4104 sontem.
558 4054 712 4127 eumque
730 4026 945 4102 nominatim
960 4025 1128 4103 sacerdos
1143 4040 1199 4100 ter

144 4163 272 4242 vocat,
297 4151 360 4222 eui
382 4147 566 4227 Echo-ter
588 4146 790 4249 respondet.
992 4234 995 4239 ‚

936 4261 964 4341 Ε
977 4267 1003 4338 2
