2632 4794
158 433 234 518 tie,
263 443 302 515 et,
323 436 448 508 Areus
472 429 615 505 Luco
598 459 641 504 un
667 431 856 519 carmine,
883 436 948 511 cui
973 443 1121 541 Gygam
1143 422 1210 520 210ss

148 582 239 627 men
263 563 339 646 est,
365 550 409 628 id
433 561 596 625 narrant
621 550 721 645 quod
743 549 967 648 sequitur.

209 671 339 746 Cer.
354 671 439 746 XH.
479 673 675 770 Cygnus
717 667 928 770 Apolbnie
907 675 1097 773 eThyria
1116 679 1205 758 Am-

151 704 329 891 phinomi
338 788 416 862 filia
440 803 554 862 natus
564 803 618 862 est
632 787 792 886 Cygnus,
811 788 912 868 facie
930 792 1108 892 formosa,
1125 827 1204 877 me
1261 820 1264 827 ·

146 907 248 982 ribus
281 907 557 1008 inelegantibus
584 918 622 980 et
660 905 887 1004 agnabus,
927 912 1044 988 nimio
1082 918 1202 992 studio

144 1024 401 1100 venationibus
426 1026 581 1103 deditus.-
595 1021 801 1099 :habitabat
822 1028 903 1101 ruri
931 1029 1028 1105 inter
1050 1034 1201 1111 Pleuro-

142 1172 227 1241 nem
253 1160 298 1218 et⁴
315 1143 547 1237 Calydonem.
591 1143 725 1237 Multos
749 1141 884 1221 habuit
906 1146 957 1221 ob
980 1125 1200 1251 pulcritudi-
1257 1192 1261 1201 ·

139 1264 447 1339 uemamatores:
474 1287 630 1362 quorum
655 1288 740 1337 cum
763 1287 852 1366 prae
870 1266 1198 1368 superbieraslmit-

138 1398 233 1458 teret
258 1382 456 1455 neminem:
489 1407 580 1454 mox
607 1380 778 1456 omnibus
809 1383 970 1480 invisus,
1003 1385 1052 1461 ab
1076 1389 1196 1489 iisque

139 1518 206 1576 estv
218 1500 391 1595 desertam,
405 1498 496 1599 aplo
511 1497 646 1593 Bhylio
667 1499 769 1600 apud,-
788 1501 910 1602 ipsum
924 1523 1193 1606 perseverante.

137 1645 350 1720 quanquam
374 1615 482 1692 >hunc
502 1640 660 1718 vquoque
690 1644 765 1694 uon
788 1621 1036 1697 mediocribus
1069 1623 1193 1700 affecit

137 1738 376 1815 eonnmnliis
411 1737 593 1813 Extitcrat
619 1736 688 1810 sub
713 1737 755 1810 id
771 1752 914 1840 tempus
929 1742 1028 1842 apud
1043 1741 1190 1817 Aetolos

134 1860 262 1958 ingens
287 1857 358 1950 leo,
384 1856 505 1987 quiet
520 1857 570 1930 in
594 1856 702 1957 ipsos-
698 1870 746 1930 a-t
760 1857 801 1929 in
818 1883 928 1958 pecus
945 1859 1188 1958 grassabatur.

132 1977 236 2051 hunc
247 1975 408 2109 Cygnus
427 1954 545 2049 iussit
550 1970 777 2069 Phylium
747 2000 830 2049 sme
849 1975 958 2050 ferro
973 1978 1187 2054 interficere

131 2095 276 2196 idque
263 2121 296 2169 rs
319 2094 361 2167 iri
377 2118 439 2167 se
437 2093 597 2194 recepit,
621 2093 836 2193 leonemque
851 2095 919 2170 tali
934 2097 1089 2172 necavit
1094 2112 1185 2173 astu.

131 2213 230 2299 Cum·
248 2214 457 2310 seiret'vqua
480 2208 573 2285 bora
588 2210 646 2284 leo
667 2226 761 2286 esset
777 2229 1071 2312 superventurus,
1096 2242 1186 2289 ven-

128 2334 223 2409 tre'm
246 2329 414 2431 implevit
437 2329 552 2404 multo
581 2327 665 2405 cibo
692 2352 735 2402 ac
756 2330 853 2407 vino.
881 2355 1036 2430 cumque
1060 2331 1185 2409 bellua

131 2449 452 2551 appropinquaret,
476 2471 521 2520 ea
539 2447 685 2520 evomit.
710 2470 803 2546 quae
822 2447 882 2521 leo
903 2448 1094 2529 famelicus
1117 2449 1185 2524 cle-

129 2592 274 2660 vorans,
298 2565 378 2639 vini
393 2564 504 2641 visst
522 2564 667 2666 stupido
689 2589 819 2667 sopore
844 2564 1008 2642 obrutus.
1034 2582 1071 2642 et
1083 2566 1184 2663 Phy-
1236 2564 1242 2578 '

126 2681 393 2777 lius-brachio,
419 2683 481 2758 cui
504 2697 641 2758 vestem
664 2708 769 2760 suam
793 2684 1117 2782 circumvolverat,
1141 2687 1184 2763 in

126 2835 166 2882 os
190 2807 326 2879 inserto
352 2803 495 2878 leonem
519 2800 737 2879 suffocavitz:
764 2801 1021 2905 sublatumque
1045 2805 1088 2889 in
1110 2804 1183 2879 hu-

126 2951 263 3017 meros,
288 2922 336 2995 ad
361 2923 528 3023 Cygnum
552 2921 684 2995 attulit.
704 2947 913 3022 nomenque
938 2923 1035 3025 apud
1058 2922 1181 2998 honsi-

126 3070 190 3117 nes
214 3043 355 3115 illustre
379 3067 423 3114 eo
448 3041 609 3115 facinore
633 3038 709 3115 sibi
732 3041 885 3141 paravit.
937 3041 1012 3115 Sed
1032 3042 1178 3141 Cygnus

125 3163 241 3235 alium
258 3158 380 3234 adhue
390 3158 636 3235 difficiliorem
645 3158 681 3231 ei
694 3157 860 3232 laborem
872 3159 1046 3233 iniunxit.
1064 3161 1179 3236 Erant

124 3306 168 3354 ea
183 3280 240 3352 ¹in
272 3278 421 3377 regione
453 3277 616 3351 vultures
647 3290 870 3353 monstrosae
901 3277 1177 3378 magnitudinis,

123 3399 190 3498 qui
207 3396 351 3471 multos
379 3393 544 3470 homines
568 3393 846 3473 interficiebant.
870 3392 938 3471 hos
964 3422 1049 3470 eum
1074 3392 1193 3471 vivos

123 3542 272 3617 capere,
306 3528 355 3589 et.
375 3513 423 3587 ad
453 3541 492 3588 se
517 3513 715 3616 perducere
741 3517 867 3613 quavis
893 3514 1033 3595 ratione
1057 3514 1176 3588 iussit.

120 3633 317 3709 Dubitante
332 3629 463 3727 Phylio
481 3631 663 3732 quomodo
687 3629 760 3706 hoc
784 3631 996 3715 mandatnm
1020 3631 1191 3705 confice-e

121 3771 189 3848 ret,
215 3753 391 3827 <livinitus
409 3751 564 3853 evenit,
592 3765 636 3826 nt
668 3750 792 3850 aquila
821 3766 973 3854 raptum
1000 3749 1174 3850 leporem,

121 3872 441 3970 semianimemque
466 3869 593 3949 eodem
617 3869 902 3963 deiiceret‚‚non
926 3867 1114 3969 perlatum¹
1128 3866 1174 3941 ad

122 3990 260 4066 nidum.
311 3988 463 4084 Phylius
488 3988 630 4090 direpto
655 3988 797 4089 lepore,
833 3988 1006 4086 sauguine
1032 3987 1110 4060 eius
1135 4011 1173 4058 se

123 4109 305 4214 implevit,
321 4124 357 4185 ct
372 4107 479 4185 humi
491 4105 698 4212 procubuit.
723 4107 846 4207 itaque
859 4107 1020 4183 vultures
1032 4105 1080 4183 ad
1090 4127 1174 4177 eum
