2648 4792
206 273 253 339 82

212 450 267 525 rit
290 457 444 535 terram,
479 438 693 538 conquievit·
721 439 761 521 ιιιΙ
786 423 915 513 Attica.
951 459 1105 540 eamque
1138 466 1270 542 magno

213 581 319 645 aestu-
339 564 572 662 languentem
590 559 720 633 Minna
744 559 900 660 excipit:
927 573 1127 660 potumque
1151 559 1272 657 offert,

213 689 256 762 ιιι
279 710 358 786 quo
377 680 582 784 pulegium·
601 691 650 750 et:
665 676 788 750 farina
807 702 925 777 aquae
950 694 1053 753 erant
1077 668 1287 782 permixta.

214 826 427 908 quem-cum
445 798 494 874 ob
511 797 613 872 sitim
629 795 737 871 Ceres
753 794 948 897 confertim
965 794 1153 893 ebibisset,
1179 799 1273 873 filim

212 927 368 1002 Mismac'
399 916 599 995 Ascalabus
636 916 678 988 in
709 914 828 989 risum
866 941 918 989 se.
933 917 1132 992 conanae
1167 919 1273 1019 eiquo

214 1045 334 1119 dendo
359 1037 518 1113 lebetem
541 1032 866 1137 profundumm
883 1034 1031 1108 dolium·
1049 1033 1178 1112 afferri
1202 1038 1274 1122 ius,-

214 1166 273 1239 sit.
308 1160 434 1235 ‘Getes
459 1142 701 1255 irntnjt'dnod
723 1152 910 1252 reliquum
933 1154 1093 1255 potionis
1118 1157 1274 1251 eratsei

214 1280 362 1363 infudit.
381 1279 492 1377 'isque
516 1286 654 1351 mutata
676 1286 817 1346 natura·
831 1273 872 1345 ιιι
896 1274 1130 1372 variegatam·
1146 1301 1274 1377 corpus

94 1383 102 1397 ’
214 1402 373 1485 bestiam
399 1391 634 1497 ascalapbnm
657 1391 771 1486 abiit,
803 1390 875 1467 diis
900 1390 1188 1492 hominibusque
1211 1422 1273 1468 ex

215 1519 336 1597 osam.
351 1517 456 1617 degit
480 1515 586 1587 iuxta
615 1510 778 1586 cloacas:
813 1525 864 1584 et
860 1526 1026 1643 gratam
1048 1511 1183 1588 Cereri
1200 1540 1273 1591 rom

150 1621 153 1632 ¹
215 1652 395 1809 praestat,
422 1635 490 1735 qui
515 1657 602 1705 eunt·
623 1630 1063 1704 interficit..
1204 1644 1209 1653 ‘

272 1756 421 1831 ’.Οιι
435 1752 555 1828 XXV.
590 1748 842 1825 Metiocbn
862 1747 1171 1851 etMonippa.
1215 1758 1273 1826 Iu-

99 1877 102 1882 ’
217 1878 359 1961 didam,
387 1885 426 1948 et
450 1899 473 1946 e
498 1869 681 1945 Corinnae
702 1868 826 1970 primo
851 1869 899 1943 de
923 1870 1124 1945 Alterotis.
1161 1861 1287 1947 Orion

215 1997 347 2093 Hysiai
370 1994 409 2069 F.
426 1995 484 2067 -ιιι
506 1991 678 2081 Boeotia,⁸
693 2047 697 2053 .
714 1989 808 2062 filias
837 1986 1219 2089 babuitMetiooham
1239 2007 1274 2066 et

207 2116 439 2217 Menippum.
492 2112 592 2202 Hae,
627 2134 702 2210 quo
726 2124 889 2210 tempore
913 2123 1056 2210 patrem
1079 2111 1207 2184 Diana*
1224 2137 1272 2184 ex

215 2232 430 2337 bominibus
448 2281 451 2289 ·
470 2226 637 2317 stutulit,
683 2227 781 2329 apud
819 2244 975 2300 matrem
1015 2229 1272 2304 educabantur.

215 2331 381 2429 Minerva
406 2375 515 2452 porro
547 2346 700 2424 texendi
731 2361 848 2421 artem
880 2372 940 2420 eas
972 2348 1117 2442 docuit,
1154 2350 1273 2423 Venus

214 2470 489 2575 pulchritudino
515 2469 673 2543 donavit.
718 2467 811 2542 Cum
837 2481 959 2540 autem
979 2481 1098 2540 totam
1121 2467 1274 2543 Aoniam

215 2589 406 2667 invasisset
437 2589 569 2690 pestis,
604 2587 784 2686 multique
817 2585 1133 2661 exanimarentur:
1177 2589 1274 2662 missi

216 2725 300 2785 sunt
326 2710 392 2808 qui
416 2707 597 2808 Apollinis
624 2706 794 2799 Gortynii
819 2705 1007 2780 oraculum
1036 2706 1272 2781 consulerent.

215 2829 264 2900 lis
290 2827 477 2929 praecepit
500 2827 599 2898 Deus
604 2874 618 2908 ,
643 2840 686 2898 nt
711 2825 802 2898 duos
826 2825 996 2898 Erimtios
1022 2824 1110 2899 deos
1135 2826 1276 2901 demul-

217 2960 330 3020 ceant.
358 2970 401 3019 ac
425 2944 654 3031 iram-dedat
678 2944 864 3045 placatum
887 2945 937 3017 iri
945 3000 961 3038 ,.
982 2945 1016 3016 si
1040 2945 1134 3017 duae
1161 2945 1273 3046 virgi-

215 3092 280 3139 nes
304 3064 352 3137 iis
377 3063 663 3138 immolarentur.
722 3064 764 3136 ln
790 3063 937 3138 civitate
962 3062 1065 3137 nulla
1088 3058 1277 3165 virginum

162 3274 164 3280 Ι
216 3210 254 3257 se
280 3165 328 3257 ad
353 3180 649 3257 satisfaciendum
668 3182 814 3257 oraculo
835 3181 981 3267 obtulit,
1008 3182 1124 3256 donec
1142 3183 1273 3258 ancilla

214 3301 430 3378 id-Orionis
455 3301 600 3376 filiabus
620 3303 797 3403 exposuit
804 3332 820 3395 ‚·-
847 3302 894 3374 ad
917 3301 1030 3375 telam
1053 3302 1273 3381 sedentibus.

215 3421 289 3494 Eae
316 3421 463 3496 oraculo
489 3423 647 3522 cognito,
673 3437 800 3523 sponte
817 3445 883 3494 aaa
899 3446 966 3522 pro
981 3420 1157 3496 ·omnibns
1177 3447 1277 3498 mor-

214 3555 290 3613 tem
315 3556 506 3643 oppctere,
541 3543 758 3643 priusquam
781 3541 970 3640 popularis
989 3542 1069 3615 lues
1093 3542 1195 3645 ipsas
1219 3544 1275 3617 in-

215 3659 414 3754 terficeret,
448 3659 670 3760 delegerunt.
721 3661 934 3762 Propterea·
953 3687 1038 3734 oum
1070 3678 1275 3739 monaster

199 3778 463 3913 povocament,
496 3780 680 3881 professae
704 3772 859 3881 seipsis
884 3779 993 3856 ultro·
1007 3777 1141 3859 offerre
1166 3783 1276 3857 victi-

212 3918 294 3968 mae
318 3897 412 3992 loco‚
437 3898 543 3973 radio
567 3897 765 3974 clericidas
789 3913 1065 4001 percusserunt,
1090 3915 1273 4003 ruptoque

212 4012 340 4112 iugulo
364 4017 404 4089 in
428 4031 564 4091 terram-
580 4033 805 4097 corruerunt.
831 4019 880 4092 At
891 4019 1109 4120 Proserpina
1120 4035 1159 4093 et
1168 4020 1272 4093 Pluto

212 4131 392 4227 miserati,
428 4135 615 4239 virginum
648 4162 847 4240 corporae
881 4137 1002 4213 medio
1030 4137 1271 4231 abstulerunt,
