2648 4792
217 453 483 557 ndl'asiphadn
494 453 692 554 ingressus,
704 460 790 527 cum
802 471 846 527 ea
860 455 959 529 coiit.
981 455 1179 555 Postquam
1194 481 1278 559 pro-

216 577 292 661 lem
315 573 440 675 adepti
460 572 628 669 suerum,
653 571 718 646 dat
734 573 854 648 Minos
875 574 1042 649 Procridi
1061 573 1227 650 iaculum
1246 591 1281 650 et

217 719 357 778 canem,
374 718 469 793 quae
482 688 677 767 mallatus
687 691 826 765 avitam
841 707 997 794 poterat,
1006 692 1279 777 sedzcmnesiis

217 813 466 921 tmpiabantm.
489 811 725 903 flamm,
747 809 1124 903 ProcrisThorieum
1134 812 1278 889 Atticae

215 931 411 1038 amathi,
425 926 606 1031 Cephalus
616 925 825 1024 habitabat,
844 928 985 1006 et‘eiin
1000 933 1196 1007 frenatione
1215 932 1280 1007 ad-

212 1055 290 1129 tuit
300 1065 441 1127 mutato
456 1047 588 1123 habitu
601 1048 642 1123 in
657 1047 814 1136 virilem,
831 1064 868 1124 et
884 1064 989 1124 tonso
1008 1051 1226 1153 capillo‚:ita
1239 1067 1279 1128 nt

216 1173 403 1270 ansmine
426 1181 702 1269 agnoscerem·
726 1165 1277 1269 Cephalusanimadrertensse

214 1291 379 1367 venando
406 1287 512 1364 nihil·
527 1285 723 1386 consequi,
755 1287 1087 1384 omnia·-Procrin,·
1113 1291 1276 1366 iaculum

214 1411 314 1492 istud
334 1406 756 1510 accipiendi-cupiditate
771 1419 828 1482 est
846 1408 981 1508 captus.
1012 1411 1162 1486 'Procris
1182 1414 1224 1487 id
1243 1413 1276 1487 ei

213 1530 399 1634 promisit,
424 1526 630 1605 conditione
649 1512 875 1601 concubitus·
908 1527 1074 1629 Cumque
1093 1527 1274 1634 Cephalus

213 1649 466 1735 conditionem:
482 1645 698 1746 accepisset,
724 1645 869 1719 Procris
893 1671 939 1719 se·
956 1648 1272 1752 prodiditzeiquc

214 1763 594 1870 exprobratit‚.quod
607 1762 728 1839 multo
743 1763 886 1864 turpius
904 1779 1013 1865 atque
1029 1768 1110 1868 ipsa
1127 1795 1274 1870 peccas·
1299 1797 1302 1807 ¹

127 1874 130 1879 ’
211 1903 275 1967 set
289 1886 421 1984 Atque
435 1872 729 2007 capamlquidem
740 1896 779 1955 et
790 1881 952 1957 iaculum
971 1882 1152 1986 Cephalus
1169 1915 1273 1965 acce·

210 2008 277 2109 pit
312 2001 534 2105 Amphitruo
556 2016 679 2079 antem
705 2001 806 2079 canis
829 2026 941 2103 opera
965 2000 1149 2105 indigens,
1173 2011 1272 2084 venit

212 2120 509 2224 quephalurn:⁴
529 2121 753 2223 «rogavitque
780 2134 822 2195 ut
846 2146 971 2195 secum
995 2123 1042 2197 ad
1065 2128 1271 2202 venandum

209 2244 358 2346 scalpam,
375 2241 635 2342 proficiscatur,
652 2239 830 2341 promissa
847 2240 1003 2342 praedae
1019 2258 1135 2344 parte,-
1157 2270 1270 2347 quam

210 2364 259 2440 de
275 2361 559 2447 OEelebois'esset
575 2374 761 2460 capturus.
796 2359 850 2433 Eo
878 2360 977 2435 enim
999 2376 1162 2463 tempore
1178 2366 1270 2440 Cad-

210 2480 496 2583 meisapparuit
520 2478 669 2580 vulpes,
700 2477 954 2580 prodigiosum
978 2481 1134 2576 animal,
1176 2509 1269 2584 quae

38 2690 44 2698 ,
107 2682 110 2687 ,
208 2601 409 2679 identidem
429 2623 451 2672 a
472 2598 671 2681 Teumesso
691 2598 847 2690 irruens,
877 2596 1118 2674 Cadmeorum
1136 2628 1268 2702 pueros

207 2718 393 2822 rapiebat:
418 2718 526 2815 eique
542 2741 634 2816 puer
646 2714 898 2816 exponebatur
918 2718 1105 2817 trigesimo
1120 2746 1269 2823 quoque

208 2841 283 2941 die,
296 2861 419 2936 „quem
436 2834 505 2911 illa
526 2833 689 2915 ablatum
711 2833 920 2909 devorabat.
960 2836 1051 2911 Cum
1071 2863 1160 2938 ergo
1179 2841 1270 2916 Am-

207 2956 357 3061 phitruo
371 2955 411 3027 in
423 2950 605 3027 Teleboas
620 2951 762 3027 bellum
773 2980 922 3029 movens
939 2956 1079 3031 auxilia
1087 2958 1269 3035 ¹Cadmeo·

129 3066 138 3089 “”
207 3103 291 3152 rum
299 3086 475 3177 posceret,
491 3097 564 3145 non
579 3070 652 3145 alia
663 3071 870 3148 conditione
885 3076 1148 3175 promiserunt,
1156 3103 1268 3178 quam

207 3197 241 3271 si
267 3193 397 3269 cosin
420 3190 529 3292 vulpe
551 3190 913 3292 perdendaiuvaret.
966 3194 1008 3267 ld
1032 3204 1160 3297 pactus
1182 3224 1267 3274 cum

208 3310 375 3388 Cadmeis
385 3305 616 3410 Amphitruo,
633 3309 680 3384 ad
691 3308 891 3412 Cephalum
905 3312 1103 3414 profectus,
1118 3331 1267 3416 pacttnn

206 3433 243 3509 ei
268 3428 436 3531 exponit:
464 3427 728 3531 persuadetque
756 3445 797 3505 ut
825 3456 909 3505 cum
933 3458 1018 3506 cane
1045 3460 1177 3510 secum·
1196 3451 1265 3515 eat.

66 3622 72 3640 q
205 3532 622 3647 Assentitur'Cephalus,
647 3547 903 3649 profectusque
926 3551 1075 3654 uulpem
1100 3569 1265 3632 venatur.

204 3670 247 3754 ln
258 3668 347 3754 fatis
362 3679 458 3760 erat„
467 3680 508 3763 ut
522 3691 646 3766 neque.
655 3665 775 3769 vulpis
794 3669 889 3771 capi,
901 3696 1022 3771 neque
1043 3697 1172 3749 canem
1186 3676 1266 3753 evi-

204 3802 283 3862 tare
302 3788 553 3887 insequentem
573 3784 773 3886 quicquam
792 3803 921 3889 posset
959 3789 1051 3867 Cum
1073 3817 1162 3892 ergo
1187 3778 1267 3869 iam
1307 3836 1310 3845 ·

90 3968 98 3981 .
204 3904 579 4006 uulpes-,canisquein
594 3903 753 4004 planicie
771 3904 1096 4009 esseneThehsna,
1117 3911 1266 4014 Jupiter

203 4037 400 4122 utrumque
415 4023 457 4095 in
472 4019 635 4122 lapidem
651 4025 816 4102 mutavit.

280 4161 465 4227 Antonini
484 4160 672 4230 Liberalis
693 4166 1045 4253 Metamorphosenn
1064 4170 1183 4234 Finis.
