2648 4792
1122 266 1185 332 111

126 459 202 538 [cap.
217 461 247 518 8.
264 450 289 533 i.
303 452 345 530 A]
381 454 451 514 Uter
465 468 572 511 verum
590 441 687 520 dicat,
709 464 770 504 non
791 442 907 507 definio.
934 448 1065 506 Musca.
1104 451 1187 517 Aeo:
1260 454 1261 457 ’

123 544 217 606 licum
236 560 300 604 esse
320 559 387 599 curn
406 551 485 598 recte
504 531 690 596 contenderit
706 529 878 607 Berlelius,
920 530 998 592 aliud
1024 531 1096 613 quid
1123 530 1190 617 egit,

127 650 216 712 quam
237 626 384 689 debuerat.
422 620 535 684 'Aeoles
554 618 634 680 enim
654 611 758 699 θῆρες
782 615 894 677 dixisse
911 637 968 699 pro
988 615 1100 701 φῆρες,
1122 622 1187 679 ait:

128 715 210 797 quod
230 715 406 776 contrarium
426 732 464 777 ex
483 707 606 784 eodem,
627 725 717 784 quem
737 716 845 764 testem·
862 703 947 788 citat,
967 706 1134 783 Eustathio,
1151 706 1190 767 ad

127 799 504 866 hartlinvllmxxrrt
520 787 819 855 monetMunolserus.
855 794 933 851 Nam
947 793 988 853 Τ.
1000 795 1030 855 Ι.
1040 801 1191 874 pag.101.

130 874 263 967 Attiroi
289 877 324 945 dd
341 879 424 956 λέξις
439 867 518 943 κατὰ
538 866 613 948 τοὺς
628 864 782 946 παλαιοὺς
803 860 840 938 ad
857 870 953 958 φῆρες
967 867 1037 937 rint
1050 873 1108 939 τοῦ
1122 874 1191 958 θῇ.

131 995 193 1067 ρες.
229 972 333 1035 Addet
356 974 396 1032 Τ.
409 974 462 1031 111.
482 989 550 1051 pag.
568 969 662 1027 1817.
687 958 848 1040 (θλίψεται
860 956 929 1023 ἀντὶ
944 958 1003 1024 τοῦ
1016 952 1192 1044 θλίψεται·

131 1080 152 1139 η
171 1052 206 1127 δὲ
221 1054 304 1131 λέξις
318 1042 473 1135 Αἰολινὴ,
492 1047 533 1127 ὡς
547 1039 583 1112 τὸ
599 1048 707 1135 φηρσλ.
744 1046 864 1115 5711σῇ
1179 1064 1182 1071 ·

202 1144 280 1207 lbid.
304 1135 495 1222 Ἀγέλεως]
523 1142 611 1200 iluna
632 1151 662 1198 et
674 1134 884 1218 Periphantem
902 1157 941 1198 ex
955 1138 1046 1199 Oenei
1065 1132 1152 1225 filiis,
1175 1160 1193 1200 e

131 1231 249 1293 filiabus
268 1250 342 1293 vero
369 1225 557 1309 Eurymedon
580 1238 610 1286 et
634 1220 823 1306 Menalippen
851 1225 958 1287 omittit
980 1222 1193 1307 Apollodorus.

132 1324 237 1382 Vana.
494 1380 497 1387 ,

208 1407 281 1487 rag.
300 1407 333 1475 6,
357 1400 407 1463 14.
442 1393 678 1479 θυγατέρες
699 1385 742 1454 δὲ
765 1383 918 1477 Γόργος]
954 1398 1022 1458 Νοα
1046 1388 1195 1479 comparet

131 1494 212 1552 inter
226 1489 280 1557 bas
297 1489 368 1559 Dia,
387 1507 476 1567 quam
493 1485 586 1547 Oenei
604 1481 694 1567 liliam
709 1480 780 1542 facit
797 1483 908 1566 Hygia.
924 1481 1021 1562 Myrh.
1042 1505 1104 1564 cap.
1122 1484 1194 1547 155.

134 1573 301 1636 Pirithous
316 1593 353 1633 ea·
374 1573 442 1631 Dia
461 1568 556 1635 Oenei
562 1570 654 1645 filia.
683 1565 742 1631 Sed
758 1566 842 1629 locus
855 1582 1010 1652 eorru'pms
1028 1583 1083 1633 est.
1111 1571 1194 1633 Scri-

134 1662 245 1745 pserim
273 1660 406 1720 Deionec'
418 1657 510 1732 fllia.
567 1661 651 1717 Hanc
676 1655 755 1715 enim
777 1654 898 1716 Pindari
917 1654 1020 1719 Schol.
1047 1658 1084 1717 ad
1106 1656 1196 1736 Pyth.
1307 1723 1309 1727 ς

135 1748 193 1810 oa.
205 1751 254 1823 11.
267 1745 312 1823 [v.
327 1744 392 1823 en]
415 1754 444 1803 et
460 1746 568 1807 men.
587 1738 665 1805 ehu.
683 1744 737 1805 na
753 1741 826 1804 har.
842 1740 932 1806 ττι.
959 1744 1197 1823 orontianum

135 1836 278 1908 uxorem
307 1832 390 1892 ouius
411 1827 508 1907 lilius,
537 1850 598 1891 non
616 1829 719 1904 lovis,
743 1828 851 1889 ovidio
873 1841 917 1889 est
934 1829 1102 1908 Pirithous,
1125 1826 1197 1891 Met'.

136 1921 190 1982 m.
214 1922 292 1982 vm
316 1938 346 1980 v.
366 1917 440 1978 ros.
460 1918 529 1978 xu
550 1930 583 1980 v.
608 1920 691 1991 210.;
710 1914 808 1976 eoam
826 1913 970 1999 aporior.
988 1914 1042 1980 ur.
1060 1922 1086 1981 r.
1113 1914 1145 1993 [ι.
1158 1917 1196 1995 ορ

137 2026 206 2091 pag.
220 2009 274 2068 26.
302 2002 382 2066 Edit.
397 1992 539 2066 Commel.
575 2007 707 2065 Mum.
1185 2010 1189 2015 '

210 2094 334 2175 Pag.6,
355 2091 407 2151 15.
451 2085 538 2151 ἐπεὶ
567 2083 603 2149 δὲ
632 2085 761 2150 ἔθυεν
789 2073 1027 2171 ιἰιταρχᾶς...
1059 2085 1198 2152 ἔτλαν-

137 2166 340 2279 θᾶνσταιρ
370 2177 448 2235 llinc
465 2172 550 2236 locus
566 2172 742 2258 Apollodori
764 2171 816 2237 lib.
827 2178 853 2237 l.
870 2196 934 2257 cap.
949 2178 981 2245 8.
1002 2196 1063 2237 non
1083 2172 1199 2238 sollici·

138 2264 264 2326 tatidrr'sr
296 2262 361 2332 Τας
381 2247 520 2344 ἀπαρχὰς
546 2248 656 2331 Olearia
676 2257 769 2329 θεοῖς
790 2248 884 2319 θύων
909 2247 1006 2340 μόνης
1022 2254 1199 2344 Ἀρτέμιδος

139 2338 328 2422 ἐξελάθετο,
371 2347 452 2426 quod
474 2348 508 2406 in
535 2333 711 2407 ἐπελάθετο
738 2344 912 2406 mutandum
938 2347 1056 2408 coniicit
1078 2348 1199 2414 Galeus.

138 2437 237 2499 Infra:
256 2432 302 2494 Αἰ
317 2425 352 2493 di
366 2423 455 2501 κύνες
470 2421 659 2503 ἐξελάθοντο
674 2427 844 2512 crispioris.
881 2436 983 2495 vanu.

217 2523 402 2602 Pag.6,17.
438 2512 682 2600 ἓφορμᾷσῠν
707 2506 864 2598 ἄγριον]
903 2512 1197 2602 θερ.3.Κῇτοςδ’
1306 2501 1309 2506 ’

141 2604 281 2679 ἐξαίσιον
304 2590 487 2686 ἐφώρμησεν
513 2595 631 2675 αὐτοῖς.
686 2608 751 2664 Hoc
772 2605 912 2667 Atticum.
938 2605 1007 2668 Vid.
1033 2608 1142 2672 Graev.
1164 2608 1202 2672 ad

141 2694 270 2755 Lucian:
281 2689 435 2754 Soloecist
448 2710 516 2794 pap.
529 2691 581 2753 74.
590 2688 674 2791 [Vol.
685 2694 738 2753 ΠΙ.
751 2710 820 2773 pag.
834 2692 921 2773 565.]
939 2695 1072 2758 Mercu.
1109 2700 1202 2759 Grae-

142 2783 214 2842 vius
234 2798 309 2841 vero
329 2778 368 2838 de
381 2778 475 2839 verbo
488 2770 626 2860 εξορμαοι
642 2775 781 2857 loquitur.
1119 2790 1137 2815 '
1157 2850 1162 2859 ,

220 2868 337 2951 Pupil,
355 2868 408 2927 19.
444 2861 481 2924 oi
506 2860 678 2927 Θεστίου
698 2856 844 2933 παῖδες
863 2854 1138 2971 celerrimeque]²
1163 2874 1202 2933 Et

143 2952 216 3013 lrinc
236 2963 334 3051 patet3
364 2970 432 3011 cum
450 2954 525 3013 Mas.
547 2962 577 3011 et
593 2952 743 3026 Zenobio,
773 2948 852 3033 apud
872 2949 1014 3031 Apollod.
1029 2951 1094 3017 d.l.
1140 2954 1203 3015 Eut

145 3035 261 3099 τοῦτον
280 3056 355 3106 τους
375 3029 520 3119 ἀρίστους
539 3030 586 3103 ἐκ,
600 3032 658 3117 τῆς
672 3024 827 3106 Ἑλλάδος
849 3023 969 3107 πάντας
988 3058 1044 3120 pro
1065 3026 1203 3120 ἐκάλεσε,

144 3123 306 3208 legendum
321 3144 396 3199 esse,
415 3109 609 3183 συνεκάλεσε.
646 3128 748 3187 Versu.

222 3213 292 3292 Pag.
308 3214 339 3286 6,
356 3214 409 3271 22.
446 3201 525 3268 ὅδὲ
547 3200 782 3291 Μελέαγρος
808 3197 1106 3291 decretumst]
1143 3215 1204 3274 Mi-

146 3315 206 3356 nus
229 3317 246 3355 a
264 3317 339 3356 vero
358 3295 510 3373 abhorret,
535 3294 616 3375 quod
634 3297 722 3357 tradit
735 3292 953 3379 Apollodorus:
981 3296 1078 3358 Oenea
1095 3298 1205 3380 pellem

148 3384 224 3464 Apri
252 3384 421 3463 promisisse
444 3382 488 3458 ei,
523 3383 699 3462 quicumque
724 3380 812 3442 illum
837 3381 983 3443 occideret
1007 3381 1058 3465 (et
1083 3386 1141 3447 hoc
1167 3390 1205 3463 ab

149 3469 358 3549 antiquissimis
377 3469 559 3548 temporibus
575 3470 665 3530 moria
686 3468 760 3545 suit,
787 3483 821 3530 ut
838 3468 914 3529 inter
934 3472 1064 3551 praemia
1079 3464 1205 3533 victoriss

149 3557 207 3615 bus
217 3576 276 3635 ,per
290 3575 377 3614 omne
390 3553 521 3614 certandi
533 3575 635 3636 genus,
650 3557 736 3615 etiam
746 3555 841 3634 pellea
859 3576 914 3638 pro
937 3570 1101 3625 onerentur.
1136 3560 1205 3624 Vid.

150 3639 281 3703 Wessel.
291 3639 465 3704 etValcken.
480 3639 517 3700 ad
525 3640 639 3704 Herod.
653 3640 706 3703 lib.
711 3645 749 3704 11.
760 3663 829 3725 pag.
838 3577 940 3722 1445,
953 3642 1007 3705 sed
1014 3640 1207 3728 Meleagrum,

150 3738 222 3809 post
246 3748 333 3807 quam
353 3728 600 3809 primoomnium
619 3726 753 3789 Atalante
776 3728 855 3790 ferae
874 3741 990 3812 tergum
1010 3729 1116 3813 sagitta
1133 3752 1206 3814 per·

152 3827 298 3890 miserat,
321 3813 390 3874 dein
411 3813 604 3896 Amphiaraus
626 3815 689 3876 eius
711 3813 831 3876 oculum
849 3813 1032 3892 vulneraret,
1059 3814 1207 3880 belluaea

152 3919 187 3960 se
200 3900 367 3962 interfectae
381 3901 539 3962 detractam
552 3898 662 3982 pellem
678 3902 806 3963 nonsibi
822 3922 969 3982 servasse,
991 3902 1042 3964 sed
1057 3902 1208 3969 Atalantae

153 3984 234 4047 dono
250 3985 382 4065 dedisse,
408 3986 488 4067 quod
501 3986 619 4048 Thestii
633 3985 688 4047 filii
703 3986 822 4071 indigne
842 3990 950 4050 lactum
966 4003 1118 4073 putantes,
1140 3993 1209 4074 quic

88 4130 94 4150 ‚
152 4073 355 4154 praesentibus
369 4073 443 4134 viris
459 4074 585 4134 feminae
603 4075 732 4154 praemia
749 4074 991 4150 concederentur,
1010 4100 1074 4140 eam
1088 4079 1122 4140 vi
1134 4080 1208 4139 Aa·

154 4158 251 4219 lautae
269 4159 456 4242 eripuissent,
480 4161 560 4223 unde
577 4159 825 4223 dissidiumillud
845 4184 878 4224 ac
896 4164 964 4225 dein
976 4165 1088 4227 bellum
1100 4178 1207 4227 ortum

1153 4325 1176 4364 Ι
