2648 4792
229 294 296 391 ers

229 486 318 536 natos
337 470 475 531 tribuisse
496 467 637 529 Aetolum
659 479 688 527 et
707 467 818 543 Lairn,
845 465 900 527 sed
920 465 1038 527 eddidit
1058 466 1207 529 Aetolum
1233 492 1286 529 mr·

230 574 298 621 ture
318 548 443 619 obiisse:
467 541 759 636 Προαποθανόντος
777 544 814 612 δί
832 546 999 629 Αἰτωλοῦ,
1018 542 1220 615 Θόπτουσαν
1238 551 1286 616 αό-

230 634 289 707 τόν
307 650 416 726 γονεῖς,
438 642 520 703 unde
535 655 608 702 natu
626 640 724 700 minor
740 644 825 701 Leito
846 640 924 721 petri
944 641 977 700 iu
994 662 1123 722 regnum
1146 646 1287 704 successit.

230 735 328 796 Verbo
349 730 531 793 scholiastae
556 741 643 789 sunt:
674 713 753 787 Ἀπό
770 714 918 797 Ὀξόλσυ·
948 715 986 797 ός
1003 708 1046 809 ἦν
1066 726 1221 789 Αἰτωλοῦ
1240 728 1287 789 τοί·

227 812 456 898 Ἀνδραίμονος,
473 816 554 895 quod
570 828 716 874 verterem
731 811 1076 899 filius-Andraemon&
1098 812 1217 877 Aetoli
1233 819 1287 878 sire

231 905 431 969 Aetolisnrie.
455 901 535 981 quod
553 901 591 960 ed
612 901 738 983 petriam
758 899 962 974 referendum3
982 920 1050 960 nam
1069 903 1119 962 sio
1138 906 1286 965 Protenirs

230 991 262 1053 d.
273 989 304 1053 ·l.
327 974 566 1049 Συνοπεπτυόκεν
578 979 615 1047 δὲ
636 983 681 1064 τῷ
695 973 813 1062 Ὀξύλῳ
832 973 945 1065 mercide
966 981 1000 1058 ἐξ
1019 980 1188 1060 Αἰτωλίας
1209 981 1284 1052 εἰναι.

231 1075 358 1139 Aetolus
384 1079 482 1152 enim,
520 1097 537 1134 a
561 1096 620 1155 quo
640 1072 758 1134 Aetolia
784 1072 842 1131 fuit
869 1073 961 1150 dicta,
993 1065 1210 1150 Ἐνδυμίωνος
1235 1093 1284 1139 erat

198 1217 201 1225 .
231 1164 321 1227 filius.
365 1163 434 1225 vid.
463 1166 589 1224 Prusen.
615 1161 648 1220 in
675 1158 767 1221 Eiiae.
796 1180 860 1240 cup.
883 1165 926 1222 t..
949 1161 1088 1224 Eustrth.
1112 1164 1152 1221 ed
1175 1165 1282 1247 Dionys.

231 1244 351 1332 Perieg.'
370 1270 402 1312 v.
425 1251 498 1310 431.
528 1262 558 1308 et
586 1248 624 1307 ed
652 1252 773 1307 Homer.
796 1243 831 1308 Ii.¹
852 1243 904 1306 N.:
918 1266 949 1307 τ.
972 1251 1047 1310 tto.
1093 1252 1167 1332 lpse
1194 1252 1280 1314 sote.

230 1337 319 1401 stne.
340 1336 387 1435 [ω
406 1334 491 1416 olym
517 1380 525 1396 .
548 1335 603 1396 or.
624 1339 677 1395 us
694 1354 726 1396 v.
748 1338 800 1394 να.
823 1352 889 1413 pag.
905 1334 982 1397 rte.
1004 1334 1052 1397 er.
1072 1339 1188 1419 steyn]
1203 1328 1281 1412 ”ote

231 1422 286 1494 λος
312 1440 369 1505 γαρ
398 1442 446 1492 τις
472 1359 518 1491 eii
540 1412 689 1481 Αἰτωλόν
711 1410 925 1481 ...Ἠλείων
940 1412 1109 1500 ἡγεμονίαν
1133 1416 1279 1509 λαμβάνει.

230 1516 273 1575 ttr
292 1510 363 1570 hino
385 1508 487 1569 Thoas
508 1507 647 1574 Aetolus,
668 1511 790 1568 Homer.
811 1503 847 1566 lt.
869 1505 907 1569 A.
928 1524 961 1568 v.
983 1510 1059 1570 527.

351 1581 412 1654 tir
433 1588 469 1654 dd
493 1585 576 1664 Θόας
595 1583 736 1663 Αἰτωλός
754 1581 961 1669 ἐπεσσύμενον
977 1582 1058 1674 βόλσ
1079 1588 1186 1680 δουρί.

230 1680 269 1751 li.
295 1681 332 1746 0.
352 1702 383 1742 v,
407 1687 481 1744 281.

329 1770 418 1828 tutor
439 1760 468 1825 d’
488 1762 587 1827 εἴπατ’
609 1754 736 1849 ἀγόρευε
761 1751 862 1842 Θόας,
875 1756 1096 1848 Ἀνδραίμονος
1117 1757 1201 1849 υἱός,

328 1852 479 1914 Αἰτωλῶν
499 1844 546 1934 ὄχ’
566 1843 693 1933 όόρνστος
714 1865 771 1915 cet.
988 1890 991 1897 ·

231 1940 437 2007 Existimarem
466 1956 563 2001 tamen
591 1940 773 2001 Antoninum
803 1939 937 2001 innuisse
957 1939 1205 2007 Andreernonem
1229 1946 1277 2030 pri·

228 2050 331 2098 mum,
351 2044 398 2103 et,
420 2026 536 2088 ouidii
560 2032 693 2110 Gorgen,
715 2026 806 2087 Oenei
824 2025 935 2104 iiiiem,
957 2048 1085 2090 uxorem
1106 2032 1275 2111 ediudiernt,

230 2114 354 2178 alterum
376 2114 485 2191 fuisse,
504 2115 552 2174 eni
572 2116 658 2174 etiam
680 2134 804 2196 reguum
821 2116 911 2174 Oenei
931 2115 1047 2175 viribus
1068 2118 1201 2181 eonfeoti
1220 2140 1275 2182 otn-

229 2204 320 2264 oessit
341 2203 517 2280 Diomedes,
539 2215 674 2261 narrante
692 2199 877 2282 Apoliodoro
898 2200 949 2263 lib.
972 2197 1141 2286 1.-ctp.8.
1166 2212 1194 2286 §.
1215 2215 1275 2270 Aet

230 2290 257 2373 i.
276 2295 307 2352 6.
343 2289 480 2350 Eustath.
503 2287 538 2346 ad
561 2286 644 2350 Iiird.
666 2287 708 2350 B.
729 2308 761 2349 v.
780 2292 853 2349 638.
881 2281 1034 2347 ,Αἰτωλῶν
1060 2284 1275 2374 τεσσαρόνοπα

230 2372 304 2454 νῆες
324 2356 421 2452 ἦσαν,
444 2358 487 2433 ὧν
507 2362 589 2444 Θόας
608 2368 733 2454 ἡγοῖτο,
754 2363 821 2443 οἰός
835 2364 1073 2456 Ἀνδραίμονος,
1092 2375 1151 2438 καὶ
1172 2373 1274 2461 Γόργης

228 2457 287 2543 τῆς
320 2458 436 2531 Οἰνέως
463 2449 631 2543 θυγατρός.
667 2459 784 2522 Aetolia
812 2464 892 2522 enim
916 2463 999 2543 prius
1027 2464 1063 2523 in
1085 2464 1166 2529 durs
1193 2468 1274 2529 divisa

228 2562 345 2631 partes,
369 2569 445 2627 quae
466 2549 542 2608 circa
563 2547 746 2628 Oaiydonem
766 2560 840 2625 erat,
860 2550 1013 2609 tenebatur
1033 2551 1073 2611 ab
1095 2556 1217 2632 Oeneo,
1234 2555 1275 2636 qui

228 2634 759 2714 ideireoOaiydoniaerexdieitu13
789 2634 948 2696 Pleuronia
968 2656 1042 2713 reto
1062 2640 1153 2721 Agrii
1173 2656 1274 2719 erat,t
1316 2672 1318 2679 ·

229 2742 301 2802 quo,
323 2742 376 2801 per
395 2723 552 2781 Thestium
570 2724 662 2782 Oenei
683 2742 818 2783 socerum
838 2735 978 2803 oocuprtr
995 2723 1031 2783 ad
1050 2728 1192 2789 Oeneum
1210 2750 1274 2810 qro-

229 2828 288 2886 que
309 2809 437 2882 accessit,
460 2809 540 2867 unde
558 2808 596 2867 de
615 2810 753 2868 Thoante
767 2811 983 2871 Andraemonis
1003 2809 1069 2873 fiiio
1087 2827 1122 2875 et
1137 2818 1228 2879 Oenei
1245 2836 1272 2876 er

227 2896 327 2978 Gorge
346 2907 454 2976 nepote
475 2899 620 2954 Homerus
641 2895 677 2956 ΙΙ.
699 2895 738 2957 Ν.
760 2916 793 2959 v.
817 2901 891 2960 216.

349 3011 387 3025 —
410 2970 621 3061 Ἀνδραίμονος
641 2975 688 3040 vii
713 2970 840 3056 Θόαντι,

350 3052 409 3135 Ὃς
424 3053 510 3152 πόσῃ
532 3059 698 3151 Πλευρῶνι
718 3064 770 3127 troi
788 3064 915 3151 αἰπεινῇ
938 3063 1123 3152 Καλυδῶνι,

359 3151 545 3213 Αἰτωλοῖσιν
565 3147 694 3231 ἄνασσε,
722 3143 802 3226 θοός
823 3151 852 3214 δ’
876 3154 916 3226 ως
941 3154 1026 3217 τίετο
1050 3146 1156 3241 δήμῳ.

226 3240 286 3303 tibi
302 3241 503 3313 Andraemon,
525 3240 563 3301 de
584 3262 644 3320 quo
665 3244 849 3319 Antoninus,
871 3245 902 3304 in
925 3256 999 3304 terre
1020 3240 1183 3331 Dryopide
1202 3246 1270 3311 irriti·

226 3329 318 3402 tavit,
350 3341 379 3388 et
400 3327 458 3386 iam
481 3329 618 3388 eumdem
639 3328 689 3388 irio
712 3333 865 3412 Dryopem
884 3331 970 3392 innui
1000 3350 1133 3413 censeo,
1168 3338 1205 3399 de
1223 3355 1268 3417 quo

225 3435 290 3497 usp.
312 3414 342 3475 t.
364 3414 423 3496 egit
443 3413 594 3476 Liberalis.
637 3420 739 3478 Vnum
961 3416 964 3421 '

261 3504 265 3509 '
306 3503 377 3583 Peg.
399 3499 451 3576 43,
471 3502 501 3563 4.
538 3486 737 3602 παρότόν
759 3497 904 3602 Oinoe]
941 3501 1268 3591 mtempriorest‘s

224 3587 305 3649 tione
327 3608 469 3647 excusum
490 3589 602 3671 reperi:
625 3606 709 3668 παρα
730 3608 789 3668 την
813 3582 929 3669 Oritur.
954 3590 1118 3656 'Brrrrm

302 3678 375 3759 Peg.
401 3677 459 3751 43,
484 3679 514 3737 5.
551 3669 817 3758 ἐβασίλευεν]
854 3682 921 3739 Hoe
945 3679 1136 3743 restituimus
1166 3678 1267 3744 eOod

223 3764 314 3824 Paris.
357 3765 435 3822 Ante
454 3762 602 3845 legebatur
622 3757 830 3842 ἐβασίλευσεν.
861 3786 863 3791 ·
989 3762 992 3767 ’

302 3852 374 3928 Peg.
396 3848 449 3924 43,
471 3853 501 3913 6.
534 3845 756 3929 παροῦσαν]
795 3850 830 3912 si
849 3850 915 3932 quis
932 3847 1126 3932 neoterium,
1146 3849 1268 3937 ἰαρεωί

223 3934 410 4015 ingresem,
444 3935 543 4010 malit,
570 3956 624 4016 per
645 3957 692 3995 me
715 3935 793 3999 iicet.
836 3941 1020 4040 (turmodum
1040 3938 1169 4025 vulgate
1188 3940 1266 4023 proiit

222 4030 284 4092 ert,
306 4020 444 4102 idemque
465 4024 618 4106 signifieat.
652 4022 807 4123 Παρεῖναν
827 4023 873 4094 εἰς
889 4016 1014 4104 ‘Portu'
1032 4027 1089 4087 sio¹
1103 4028 1185 4091 dixit
1197 4026 1267 4089 Plut-

220 4104 336 4166 rreh'us.
372 4111 477 4168 Noster
497 4132 561 4191 oap.
581 4114 612 4172 8.
631 4108 677 4180 εἰς
696 4099 810 4189 drumm
830 4108 1020 4195 παρέσονται
1043 4102 1162 4197 χάραν.
1204 4113 1266 4175 nin

219 4189 376 4274 παρουσία
395 4192 558 4260 adventur.
594 4198 634 4258 Et
653 4210 694 4259 tre
712 4197 919 4282 del'rrtioipii
940 4218 998 4261 usu
1015 4197 1152 4281 dubitet,
1173 4196 1264 4265 sert
