2648 4792
1149 294 1193 357 8⁷

133 466 326 564 quor'qui
342 463 478 557 essexe
503 465 757 561 illodestillat,
777 466 1068 571 iubencusque
1084 465 1188 540 diem

131 580 181 654 ab
205 576 334 680 incolis
359 586 562 687 appellatur
586 574 944 677 lacruma··Biblidis.
1007 620 1023 629 ··
1037 614 1059 655 ει
1147 612 1182 641 ··-·

138 742 190 768 .··
211 702 491 789 -·cr1›.ffl·1.
543 705 792 804 Messapii.
845 708 1026 801 Referam
1059 705 1189 779 eedem-

131 846 182 894 cor
206 821 301 897 libro
324 822 446 899 eliud.
498 823 659 919 Lycaon,
675 827 717 901 jis
743 826 809 924 qui
841 850 914 898 non
944 822 1089 897 aliunde
1114 824 1192 897 mi-.

130 963 280 1039 gluto&
291 944 358 1018 sed
377 968 426 1017 eo
450 945 531 1045 ipso
556 969 666 1044 quem
683 944 860 1019 incoleret
878 944 961 1018 loco
987 942 1105 1016 editus
1124 941 1185 1014 se-

130 1058 283 1136 rebatur
306 1067 415 1162 (quos'
431 1063 563 1138 Graeci
574 1061 852 1138 Autochtbenas
865 1062 1079 1154 nominant)
1091 1058 1188 1165 tilios

129 1175 492 1283 helim-tumen,
515 1181 1012 1278 Daunium,··et'l’eucetium.
1046 1181 1097 1253 Hi
1114 1178 1187 1254 ool-

128 1296 226 1372 lecta
250 1298 440 1375 homiuum
464 1302 709 1395 multitudine,
734 1300 783 1376 ad
804 1301 928 1375 Italiae
946 1300 1097 1376 uariam
1119 1326 1185 1372 ve·

129 1434 283 1493 noronte
308 1421 494 1521 pulsisque
516 1420 744 1516 ¹husonibus,
758 1420 933 1521 -quisstum
957 1418 1015 1493 ibi
1038 1417 1184 1492 hahita-

128 1536 240 1622 bant,
277 1540 369 1641 ipsi·
383 1541 487 1620 sedes
512 1557 720 1641 posueruut.
772 1542 891 1615 Maior
922 1562 1008 1641 pars
1039 1536 1190 1611 exerci-¹

128 1672 189 1730 tus
214 1684 341 1732 eorum
367 1661 576 1734 constiterat
605 1687 654 1734 ax
686 1662 854 1753 advenis,
889 1658 1057 1754 Illyricis.
1073 1673 1180 1756 atque

127 1775 329 1879 Messapiis.
387 1780 512 1879 ltaque
551 1800 636 1855 cum
672 1795 709 1855 et
742 1781 948 1861 exercitum
983 1793 1019 1850 et
1050 1802 1179 1877 agrum

129 1895 170 1968 in
200 1911 274 1970 tres
306 1898 676 2001 divisissentpartes,
727 1902 853 1999 eisque
888 1898 949 1972 ‹ie-³
970 1897 1181 1970 nominibus

129 2014 270 2089 ducum-
300 2019 448 2091 nomina
470 2018 661 2094 iecissent
693 2021 942 2110 Dauniorum,
992 2018 1192 2101 Peucetio-2

129 2161 234 2229 rum,
268 2151 306 2208 et
335 2137 614 2239 Messapiorum:
652 2139 752 2239 quod
777 2131 803 2211 e⁸
825 2139 997 2213 Tarento?-
1013 2134 1106 2237 erat*
1123 2158 1193 2209 ram

128 2254 260 2353 gionis-
273 2280 388 2354 usque
414 2257 464 2329 ed
497 2271 660 2333 extrema
681 2254 829 2350 italiee',
865 2258 1054 2357 Messapiis
1085 2256 1195 2329 obre:

127 2374 196 2472 git,
220 2374 260 2445 in
286 2392 363 2472 qna·
381 2374 569 2448 conditum
587 2389 640 2449 est
655 2375 919 2449 Brundusiumz
946 2375 1044 2473 quod
1062 2389 1183 2448 antem
1247 2364 1250 2369 ’

126 2492 236 2564 iuxta
253 2490 273 2534 *³
293 2493 391 2567 intua'
406 2492 624 2587 Tarentum,
634 2494 824 2567 Peucetiis.
840 2494 991 2566 interius
1007 2491 1065 2565 his
1082 2516 1183 2565 utare
1202 2507 1207 2516 ’

126 2609 355 2711 navigabant
369 2612 517 2687 Daunii.
553 2614 689 2687 Totam
707 2627 827 2686 autem
846 2627 991 2712 gentem
1006 2626 1183 2685 vocarunt

127 2731 297 2831 Iapyges.
336 2720 448 2806 ¹Gesta
472 2728 564 2806 haec
589 2747 673 2805 sunt
695 2731 811 2804 multe
828 2722 1097 2806 enteHeroulis
1115 2756 1183 2802 ers·-

125 2850 350 2951 peditionem
374 2865 547 2952 tempore.
605 2848 808 2925 Vitobetnr
834 2877 875 2926 ea
900 2865 1015 2924 aetate
1039 2850 1185 2952 pecori-

126 2971 198 3043 bus
223 2984 260 3043 et
283 2971 444 3066 pascuis·
483 2969 707 3044 Fabulantur
730 2994 830 3070 ergo,
856 2973 896 3043 in
920 2972 1185 3070 Messapiorum
1272 3030 1275 3035 .

126 3106 237 3172 terra,
264 3089 312 3161 ad
335 3089 458 3162 locum
484 3089 546 3162 cui
562 3090 674 3163 Sacra
694 3115 783 3162 saxa
804 3114 948 3181 nomen,
974 3089 1191 3193 apparuisse]

127 3205 573 3310 nymphasEpimslidas,
599 3207 730 3282 choros
754 3211 937 3282 ducentes.
961 3232 1094 3308 pueros
1119 3190 1186 3280 au-

128 3344 203 3402 tem
228 3327 511 3426 Messapiorum,
545 3327 683 3403 relictis
715 3327 889 3428 gregibus
915 3326 1010 3400 cunr?
1024 3342 1184 3429 spectas-

129 3461 209 3521 sent
227 3443 389 3537 choreas,
414 3446 565 3539 dixisse,
589 3447 689 3547 ipsos
703 3447 834 3519 melius
853 3447 986 3521 callere
1004 3450 1183 3522 rationem

129 3566 260 3641 choros
286 3564 454 3636 ducentii.
486 3564 570 3640 Fuit
594 3567 627 3638 is
652 3590 770 3640 sermo
796 3564 976 3668 Nymphis
1001 3568 1184 3660 molestus,

128 3699 377 3782 certatumque
409 3683 456 3756 de
486 3685 705 3787 praestantia
730 3680 880 3759 choreas
906 3685 1065 3762 ducendi
1088 3686 1186 3758 inter

127 3823 247 3906 partes
281 3802 525 3902 aliquandiu:¹
559 3828 645 3880 cum
676 3804 827 3904 quidem
858 3807 965 3906 pueri
996 3805 1069 3879 sibi
1101 3832 1185 3881 curu
1302 3810 1309 3821 '

128 3926 224 3996 divis
251 3950 327 3997 esse
354 3937 537 3997 certamen
560 3926 792 4024 ignorarent,
819 3938 917 3997 etse
944 3951 1029 4027 cum
1053 3950 1185 4027 aequa·
1303 3949 1307 3963 ·

127 4043 228 4120 tibus
260 4041 475 4135 mortalibus
510 4041 657 4118 seminis
691 4042 904 4131 contendere
938 4045 1184 4147 opinarentur.

127 4163 217 4237 Erat
241 4146 438 4264 puerorum
463 4161 619 4241 saltandi
637 4161 765 4241 modus
786 4165 954 4264 rusticus,
980 4181 1104 4271 utpote
1120 4193 1185 4266 pa·
