2648 4792
164 322 173 343 ⁸
195 326 291 383 mv

197 510 284 564 rnm
298 484 474 579 Statores,
489 482 832 584 quemn-amicitia
846 480 999 585 glorior,
1015 486 1271 565 Hemsterhu-

154 582 157 587 ’
197 588 265 685 eii,
289 588 418 689 magni
433 586 550 661 nostri
566 588 754 687 qnondam
768 588 1021 690 Praeceptoris
1039 591 1272 690 coniecturas

199 694 433 793 aliquotuna
454 715 541 765 cum
559 690 637 767 suis
658 696 760 767 ctIe.
781 687 1040 766 Toueeoa'notii
1062 691 1273 775 doctissimi

149 788 152 793 ’
200 796 294 875 olim
311 793 424 871 Frisii
441 791 606 887 invenis,
632 792 738 873 cuius
760 794 874 867 etiam
894 818 1036 895 paucas
1051 795 1101 871 ad
1115 795 1274 897 Apollo·

199 896 287 975 dori
306 921 411 971 oram
434 894 555 970 ollitas
574 919 721 970 mecum
742 897 1030 973 communicavit
1052 897 1107 973 CL
1128 903 1273 977 Petrus

198 1000 443 1083 Bondomue,
469 1021 608 1073 novum
622 995 844 1093 Academiae
860 998 1123 1075 Ultraiactinae
1143 1001 1272 1101 decus,

201 1103 251 1179 ad
266 1116 326 1177 nie
343 1099 534 1193 miserunt,
586 1124 652 1175 uas
665 1101 742 1175 suis
757 1100 852 1175 locis
867 1101 925 1177 uti
938 1102 1104 1204 ipsorum
1119 1107 1271 1185 nomine

200 1202 382 1299 exhibui,
407 1202 463 1277 sic
483 1124 649 1303 prodroc
670 1201 855 1285 amicitiae
872 1202 1150 1281 documentoin
1167 1234 1273 1285 com·

200 1333 354 1385 munem
369 1304 428 1380 rei
438 1304 639 1379 litterariae
652 1331 774 1399 mum,
791 1304 1016 1382 immortales
1031 1333 1101 1408 ago
1117 1312 1271 1410 gratias.

75 1506 78 1511 ἱ
107 1446 110 1453 ·
180 1410 285 1485 sed.
300 1408 416 1487 etiam
436 1406 557 1481 maior
580 1403 680 1487 mihi
699 1432 786 1483 cum
807 1413 923 1485 Petro
940 1409 1150 1507 Fonteinio,
1175 1414 1272 1491 Viro

133 1516 137 1523 '
200 1511 343 1613 insigni
359 1508 565 1603 eruditione
581 1510 801 1611 conspicuo,
826 1535 939 1611 aquo
955 1513 1028 1587 nisi
1044 1512 1190 1589 doctior
1209 1542 1274 1593 re-

139 1608 144 1621 ’
202 1613 296 1691 cedo
317 1636 542 1712 numquam,
573 1613 781 1689 intercessit
806 1612 1058 1712 familiaritas,
1144 1642 1206 1693 am
1230 1634 1275 1697 ut

196 1712 325 1813 hunc,
356 1715 393 1790 si
414 1713 507 1814 quid
529 1713 581 1793 ed.
606 1730 795 1795 auctorem
816 1715 1079 1793 illustrandum
1130 1720 1273 1819 aberet,

201 1846 279 1903 non
287 1842 486 1919 rogassem,
500 1814 599 1893 unde
613 1834 721 1901 natac
735 1819 847 1893 ctiam
860 1821 1013 1895 minime
1028 1824 1273 1923 poenitendae

200 1923 281 2001 sive
302 1919 567 1997 adnotationes.
580 1948 652 2003 san:
670 1922 902 1998 coniecturae
921 1924 998 1997 suis
1019 1923 1112 1999 locis
1127 1929 1275 2045 reposi—

203 2040 277 2121 tae,
291 2021 429 2124 quibus
443 2028 760 2119 accessere'meae,
774 2022 839 2099 hic
852 2023 934 2101 illic
948 2025 1074 2101 forsan
1087 2028 1274 2129 prolixio-

200 2152 274 2223 res,
291 2126 379 2226 quia
392 2125 448 2200 sic
458 2120 564 2200 haud
575 2126 682 2201 aliter
694 2140 863 2229 poteram
874 2127 916 2201 in
928 2153 969 2202 re
985 2127 1168 2225 sabulosa,
1182 2159 1274 2235 pro-

200 2244 326 2335 pterea
336 2227 437 2330 quod
450 2227 616 2303 ciusdem
626 2228 834 2330 argumenti
843 2230 1027 2332 scriptori,
1041 2236 1274 2333 Apollodoro

87 2398 88 2409 ,
200 2332 367 2433 aliquam
391 2329 516 2413 lucem
540 2328 730 2407 effundere
754 2331 923 2408 enitebar
941 2350 1140 2435 praeeunte
1165 2339 1274 2416 cuius

202 2435 350 2538 copiam
367 2430 468 2521 mihi
487 2459 554 2536 pro
577 2456 644 2521 sna
668 2436 815 2536 saepius
839 2451 993 2536 experta
1014 2435 1207 2536 facilitate,
1235 2458 1274 2521 et

175 2556 184 2571 ·
199 2537 386 2640 singulari·
396 2560 485 2635 arga
499 2563 560 2613 me
575 2535 834 2625 benovolentia
849 2539 1092 2615 anaicissimus
1106 2548 1152 2619 P.
1168 2548 1276 2621 Bur-

170 2648 174 2653 ’
201 2658 366 2715 mannus
378 2639 432 2714 V.·
442 2637 497 2713 Cl.
515 2639 666 2734 fecerat,
681 2640 759 2714 MS.
775 2639 922 2715 Codicis
937 2640 1140 2719 Collatione
1153 2646 1276 2723 D’Or-

201 2743 367 2816 villiano.
400 2738 500 2834 Quid
519 2740 561 2813 in
582 2737 924 2842 bispracstitcrim,
949 2745 1006 2817 tui
1029 2760 1106 2821 esto
1127 2748 1274 2849 iudicii,

201 2840 382 2920 benevole
391 2840 545 2917 Lector!
567 2840 610 2917 in
624 2841 762 2941 quibus
776 2843 811 2917 si
827 2843 920 2944 quid
935 2845 1110 2940 arrideat,
1126 2850 1271 2933 fruerm

200 2947 262 3026 sin
275 2947 413 3042 minua,
429 2942 594 3021 modeste
609 2943 751 3044 refelle,
768 2958 807 3022 ct
820 2945 916 3023 vale.

357 3131 1117 3166 m

374 3316 1178 3435 .Gorrtgenda.'

537 3464 576 3517 In
601 3463 763 3520 orations
788 3464 935 3521 Graecas

269 3548 335 3619 rag.
349 3545 378 3605 4.
398 3564 425 3601 r·
440 3552 469 3606 8.
487 3566 536 3603 eor.
553 3546 642 3620 γῦπα.
660 3569 687 3611 r.
704 3555 733 3608 3.
751 3569 769 3603 a
783 3549 831 3605 flu.
848 3571 898 3607 scr.
918 3540 1089 3627 oroleym-
1106 3549 1171 3627 teg.
1182 3554 1211 3622 6,
1227 3561 1273 3615 17.

200 3634 253 3743 g:
267 3613 520 3745 Ξέὲῶονῗας.
538 3622 651 3699 15,Ἲ·25.
671 3634 722 3674 aar·
736 3621 842 3695 χλῳρὶς
857 3648 890 3677 n
906 3625 1005 3692 νῆσσαι
1025 3645 1062 3667 ⁶·
1093 3624 1159 3696 rag·
1175 3631 1227 3695 2⁰,
1244 3626 1273 3686 6.

574 3790 615 3854 ta
637 3792 897 3852 annotationes

270 3879 335 3949 Peg.
351 3878 412 3936 109.
427 3896 453 3932 v.
470 3878 513 3937 15.
532 3895 549 3930 a
564 3875 613 3931 fin.
629 3894 679 3933 sor.
698 3887 764 3931 esset
798 3897 827 3934 ro
845 3882 890 3937 rit.
909 3911 944 3926 -
966 3878 1031 3954 Pag.
1050 3882 1113 3941 114.
1132 3887 1206 3945 v..7·
1217 3904 1274 3942 aar.

179 3974 182 3979 ·
200 3942 342 4019 ἐξαίφνης.
362 3976 398 3991 -
415 3949 490 4031 Ῥας.
512 3946 573 4004 134.
591 3965 617 3999 r·
635 3952 664 4006 2.
682 3962 697 3998 a
713 3945 761 4000 fin.
777 3897 844 4014 dant
862 3970 912 4023 pro
928 3950 996 4031 fieri·
1018 3982 1052 3993 -
1078 3955 1144 4025 Pag·
1162 3956 1226 4013 233·
1248 3976 1277 4011 τ.

199 4022 243 4073 11.
265 4034 318 4069 oor.
334 4021 515 4088 βοησαμεναι.
534 4044 568 4059 -
584 4018 655 4085 Pege
669 4020 775 4074 297³.
791 4024 836 4076 27.
854 4021 905 4091 leg.
925 4031 1062 4077 eumont.
1079 4046 1116 4067 υ-
1132 4026 1196 4094 Pag.
1212 4030 1278 4093 322.
1315 4052 1317 4057 ·

198 4103 225 4139 Va
245 4090 289 4141 11·
308 4085 424 4169 exdate·
440 4112 475 4129 ⁸¹·
504 4089 570 4159 Pago
588 4089 651 4147 82⁵0
671 4104 699 4142 7⁰
716 4092 761 4145 1⁷0
781 4105 831 4143 801⁸·
849 4085 993 4153 Πολλάκις.
1017 4119 1054 4139 Ι-
1087 4095 1152 4164 Pago
1167 4095 1232 4155 3⁵⁵·
1251 4114 1279 4159 8,·

197 4172 223 4210 v·
241 4153 306 4213 (1.1.
324 4158 518 4231 Βριτομιίρτις.
1263 4164 1267 4169 '

851 4236 855 4251 ι

560 4264 876 4294 ,—-·*—k
