2648 4792
43 424 79 435 μ
122 326 195 395 sro

130 503 270 589 agnoseit.
304 503 402 562 uter.
452 502 572 559 Frustra
594 497 632 562 de
660 497 766 561 menda
788 497 867 558 buno
889 499 1057 579 suspiciunt
1078 496 1189 574 locum,

130 605 244 669 tautum
258 589 353 662 abest,
376 600 410 646 ut
425 599 594 669 corruptum
613 604 678 647 esse
699 600 810 647 certum
831 587 878 648 s'it.
922 588 1083 658 Auctorem
1102 583 1191 646 babet

122 665 293 740 Hburerum
313 675 479 735 Antoninus
498 673 535 735 Il.
553 669 589 737 Ξ.
606 693 638 737 v.
658 674 730 736 115.
762 675 894 735 Moron.
942 669 1137 734 Vid.Baobet
1154 673 1190 732 de

131 760 268 827 Hermae
283 764 445 824 comment.
461 761 493 820 in
508 758 597 821 ovid.
608 761 704 843 Epist.
720 762 760 822 Τ.
772 764 797 823 1.
818 781 885 843 pag.
899 762 964 821 279
979 778 1024 840 tq.

99 858 102 865 '
224 848 300 911 lbid.
339 832 501 927 Olvedc]
523 838 625 922 'Quae
646 846 684 908 de
703 845 761 907 boo
781 858 917 909 notarunt
930 843 1032 909 Sebol.
1047 849 1139 908 Hom.
1153 843 1189 908 ll.

132 943 169 1001 A.
181 937 213 1000 1.
223 938 297 998 212.
313 947 344 996 et
355 931 457 996 Sobol.
474 928 625 1016 Aristopb.
639 934 713 996 nnn
729 952 761 996 v.
779 938 873 998 1269.
892 952 1070 1013 quamquam
1088 930 1188 1014 paullo

131 1023 225 1101 aliter,
238 1019 331 1107 'plura
345 1029 424 1097 sunt,
443 1038 534 1101 ¹quarn
549 1033 583 1080 ut
600 1019 649 1080 bio
663 1017 723 1102 legi
736 1022 860 1103 possint.
891 1019 1034 1082 llamdem
1046 1018 1189 1103 Meleagri

130 1106 284 1185 bisioriam
295 1105 405 1168 Achilli
415 1120 513 1169 narrat
523 1106 661 1181 Pboeuiit
675 1111 753 1190 apud
767 1110 857 1170 Hom.
870 1105 935 1181 6.1.Ι
944 1119 1083 1167 monente
1095 1106 1188 1167 Hein-

132 1200 178 1261 sio
192 1194 231 1257 ad
247 1190 336 1257 0116.
351 1196 409 1276 Ep.
424 1196 477 1257 111.
497 1188 620 1257 Heroid.
642 1214 675 1256 v.
693 1196 744 1257 95.
766 1193 818 1253 ubi
839 1194 874 1253 ab
888 1197 1018 1255 Homero
1034 1213 1100 1253 eam
1120 1213 1188 1252 mu·

130 1296 246 1346 tuntum
261 1302 325 1343 esse
341 1280 494 1356 Ovidium,
513 1282 662 1343 observat.
695 1282 741 1340 De
756 1280 896 1340 sacrificio
909 1282 1019 1341 Dianae
1037 1280 1076 1339 ab
1090 1282 1187 1341 Oeneo

132 1369 277 1455 neglecto,
298 1381 332 1428 et¹
339 1367 409 1451 inde
422 1366 561 1449 profectis
577 1365 787 1427 calamitatibus
802 1369 863 1455 agit
872 1367 994 1448 Luoian.
1008 1366 1046 1426 de·
1060 1366 1188 1428 sacrific.

132 1460 223 1523 211.-
253 1476 298 1517 ae.
314 1456 388 1517 525.
404 1467 458 1515 cet.
500 1456 604 1517 viru.

3 1544 10 1555 “
148 1538 151 1545 ’
218 1476 334 1605 ritib
351 1532 561 1623 Hoqd'durc]
584 1526 1010 1622 Haqddovovooardpollod.
1023 1537 1109 1601 lib.1.
1126 1559 1188 1621 erp.

133 1628 198 1693 vu
218 1626 245 1715 b.
258 1633 289 1690 7.
303 1641 333 1688 et
347 1633 398 1690 11.
425 1628 474 1687 oui
493 1627 593 1711 lavere
615 1623 755 1688 videntur
777 1648 794 1686 e
814 1627 931 1687 Graecis
954 1632 1042 1688 Paua.
1063 1629 1189 1686 Messen.

106 1774 109 1781 ,
133 1738 198 1799 oap.
214 1716 266 1777 35.
286 1716 380 1777 Strab.
394 1710 447 1777 lib.
454 1714 507 1776 tv.
520 1715 593 1777 463.
609 1712 683 1776 466.
704 1712 1098 1775 abamisOvid.1tb.v111.
1120 1715 1189 1773 Met.

133 1824 166 1866 v.
180 1804 255 1867 551.
270 1804 323 1887 Ill.
339 1806 390 1863 12.
409 1802 518 1881 quique
532 1796 569 1861 ad
585 1820 653 1859 eum
667 1801 801 1876 citantur,
821 1803 894 1862 Stat.
909 1804 934 1881 I.
956 1799 1056 1861 Theb.
1070 1819 1103 1861 v.
1118 1803 1188 1859 670.

134 1893 174 1955 ΙΙ.
192 1909 226 1951 v.
239 1892 314 1950 726.
344 1885 665 1951 vehementium
690 1907 723 1949 v.
737 1888 812 1948 705.
841 1888 950 1969 Hygin.
972 1907 1036 1968 cap.
1055 1885 1105 1948 14.
1128 1906 1188 1967 etp.

136 1978 211 2038 129.
235 1996 299 2057 oap.
322 1978 395 2037 175.
418 1978 541 2038 11239.
569 1966 574 1975 “
597 1971 658 2035 Sed
677 1970 766 2035 leotio
787 1974 845 2033 sibi
866 1994 971 2056 parum
991 1984 1122 2048 constat,
1163 1984 1190 2030 et

136 2083 281 2144 nusquam
306 2061 379 2122 ratio
405 2058 554 2137 redditur,
587 2080 641 2120 eur
663 2060 767 2122 invitis
788 2064 867 2123 vet.
892 2059 960 2122 edd.
983 2073 1012 2120 et
1030 2064 1106 2120 Mss.
1127 2072 1189 2118 earn

135 2148 305 2211 intruserint
325 2149 389 2209 Vni
410 2152 447 2211 D.
469 2147 631 2208 Pausaniae
649 2147 727 2208 enim
747 2147 778 2210 d.
799 2145 821 2210 1.
844 2161 873 2207 11
892 2145 983 2209 Eliac.
999 2151 1039 2209 Π.
1057 2168 1122 2226 cap.
1139 2151 1189 2207 20.

134 2244 205 2320 'ante
225 2232 374 2316 legebatur
390 2224 572 2316 Hoqddorr,
593 2233 672 2315 quod
693 2236 779 2296 tacite
799 2233 899 2294 reiecit
914 2231 1076 2312 Xylander,
1095 2230 1189 2293 illud-

137 2316 204 2403 que]
215 2322 355 2403 reposuit.
399 2319 539 2383 Similiter
559 2320 592 2381 in
612 2324 671 2382 Ma.
690 2319 755 2384 Pal.
775 2318 954 2403 Apollodori
974 2319 1081 2382 diserte
1103 2316 1190 2400 Πορ-

137 2394 232 2467 θᾶων
255 2421 350 2484 extat,
378 2406 540 2467 Munolrero
558 2400 637 2467 teste'
651 2406 687 2466 ad
709 2408 820 2489 Hygin.
840 2429 904 2489 cap.
922 2412 994 2469 172.
1023 2405 1105 2467 unde
1128 2404 1189 2464 ior·

137 2515 191 2555 san
205 2491 280 2555 illud
295 2492 387 2570 Galei,
405 2498 476 2576 Leg.
493 2480 615 2575 Πόρθα
631 2505 666 2551 ut
680 2493 771 2577 infra
784 2505 815 2551 11
830 2493 939 2556 Pater.
956 2493 1035 2574 quod
1054 2515 1092 2553 an
1105 2512 1190 2551 men·

136 2578 211 2641 dum
229 2581 269 2641 sit
288 2581 444 2641 aberrantis
461 2582 544 2680 typi,
565 2581 672 2660 quibus
694 2593 785 2641 scatet
801 2580 857 2640 ista
873 2579 981 2657 editio,
1000 2581 1117 2661 ignoro,
1138 2596 1191 2659 pro

138 2663 277 2751 Πορθέα
294 2665 345 2726 vel
361 2664 548 2748 Πορθαονα.
591 2669 675 2727 certe
690 2664 853 2726 Portbaon
868 2666 955 2726 etiam
977 2665 1049 2728 olim
1070 2663 1191 2747 legeba-

137 2766 186 2812 tur
208 2751 287 2833 apud
307 2753 417 2832 Hygin.
440 2751 710 2833 11ρ.14.11172.
736 2765 873 2812 monente
895 2754 1016 2814 Heinsio
1041 2751 1080 2812 ad
1104 2750 1192 2814 ovid.

138 2837 195 2899 lib.
209 2842 288 2900 vm.
316 2842 388 2901 Met.
403 2858 437 2900 v.
453 2838 527 2900 541.
577 2831 719 2900 cuius'in
738 2836 955 2920 exemplaribus
979 2836 1193 2907 Porthaoniae

139 2924 228 2985 etiam
243 2923 385 3006 seriptum
398 2923 490 2985 ftrisse
507 2926 579 2990 Viro
595 2922 642 2988 lll.
662 2925 798 3004 videtur,
819 2924 1068 3004 quemadmodum
1087 2924 1121 2985 in
1136 2926 1192 2984 bls.

139 3008 238 3071 Plauti
256 3014 337 3071 Meu.
357 3014 392 3073 V.
412 3016 440 3071 1.
457 3011 521 3089 45.
537 3013 622 3094 ·Ego
646 3020 675 3071 ts
693 3014 801 3072 simitu
822 3011 897 3071 novi
923 3032 995 3070 oum
1016 3006 1194 3070 Porthaone

141 3110 240 3158 extare
254 3097 331 3159 Viris
348 3096 378 3160 d.
394 3099 592 3163 observatum.
628 3097 711 3159 Idem
731 3112 841 3174 monet,
861 3119 958 3178 neque
978 3097 1100 3171 dubitat,
1124 3095 1194 3174 quin

141 3184 222 3243 idem
242 3185 296 3257 sit,
316 3185 367 3264 qui
383 3182 447 3244 aliis
465 3184 631 3245 Pantheon
646 3186 768 3263 dicitur,
791 3185 900 3265 quique
920 3185 1069 3244 Antonino
1084 3195 1115 3242 et
1130 3185 1193 3240 Ho-

141 3288 224 3329 mero
241 3267 277 3331 11.
293 3264 331 3334 Ξ.
350 3291 382 3332 v.
402 3273 474 3331 115.
511 3269 665 3332 Portborta
687 3272 778 3334 audit.
812 3270 901 3333 Unde
915 3269 1094 3346 Porthaon,
1116 3267 1194 3348 quod

142 3356 180 3414 ad
194 3354 350 3416 Partheno
370 3358 507 3438 proprius
533 3359 660 3435 accedit,
692 3358 791 3420 ubivis
810 3356 954 3440 praefero.
995 3358 1036 3421 111
1054 3355 1131 3415 bano
1150 3353 1196 3414 le·

143 3441 270 3502 ctionem
296 3444 446 3503 confirmat
465 3443 528 3506 Val.
544 3443 642 3505 Flacci
662 3446 720 3508 Ed.
734 3449 812 3506 lunt.
835 3457 864 3504 et
883 3442 957 3506 (lod.
972 3441 1056 3515 ooli
1093 3438 1197 3503 Solent

143 3526 249 3589 Graeci
261 3529 447 3611 potissimum
462 3531 493 3590 in
507 3530 610 3591 ultima
629 3529 843 3593 vocabulorum
854 3530 1058 3590 terminatione
1073 3528 1197 3588 variare.

145 3614 195 3677 Sio
210 3604 333 3684 Ἅλκεύς
354 3630 383 3677 11
397 3609 552 3694 Ἀλκαῖος,
563 3610 724 3700 Ἀστέριος
746 3631 776 3678 11
788 3608 952 3698 Ἀστερίων
972 3614 1051 3699 apud
1068 3611 1194 3697 Apollo·

146 3700 262 3764 dorum.
309 3689 425 3779 iberia
443 3696 553 3780 eidem,
579 3691 746 3780 Τυφωνεῦς
760 3708 905 3778 Homero,
931 3687 1044 3778 Prode
1058 3699 1195 3761 Pindaro.

69 3864 73 3873 ι
144 3787 238 3860 Idem,
260 3789 312 3868 qui
324 3793 430 3850 Nostro
443 3790 475 3849 in
490 3811 572 3871 seqq.
588 3778 769 3870 Πανδάρεος
785 3805 814 3852 11
830 3777 1038 3871 Πανδάρεως,
1066 3791 1196 3850 Homero

146 3861 315 3954 Πανδάρης
336 3889 468 3938 vocatur.
504 3876 639 3938 Eustatb.
653 3879 685 3939 in
706 3881 829 3957 Dionys.
849 3896 881 3938 v.
898 3879 971 3937 556.
1008 3871 1144 3955 Λέγεται
1164 3866 1198 3932 δὲ

73 3970 75 3975 ·
146 3948 354 4038 καὶΓηρυών,
376 3961 425 4022 καὶ
440 3953 601 4044 Γηρυόνης
616 3961 668 4024 καὶ
684 3949 871 4044 Γηρυονεῦς.
904 3961 994 4021 Plura
1008 3960 1092 4041 odit
1104 3966 1199 4023 Hem·

146 4043 236 4106 sterb.
251 4046 289 4104 ad
302 4049 451 4130 Aristoph.
460 4049 539 4114 Plut.
553 4073 622 4135 pag.
630 4057 704 4116 207.
720 4065 750 4112 et
761 4047 920 4112 Ruhnken.
935 4047 1199 4130 adRut.Irup.11.

144 4134 212 4216 pag.
230 4137 302 4193 100.
338 4137 438 4195 Vana.
1109 4155 1112 4159 ⁴

130 4242 138 4252 ·
230 4222 302 4300 Peg.
324 4223 362 4295 6,
386 4225 437 4281 13.
486 4207 661 4301 Φηρεῦς]
711 4205 829 4302 &nquit
857 4234 902 4280 est
931 4217 1072 4302 Apollod.
1099 4218 1155 4282 lib.
1174 4223 1199 4281 1.
