2648 4792
1092 289 1135 355 93

73 487 156 537 reru
166 461 218 535 in
234 459 399 541 modum·
409 459 562 539 dilexite
586 457 717 537 fratres
732 473 860 540 autem
871 460 1010 539 invidio
1028 466 1132 559 moti,

74 581 178 659 claro:
195 606 279 658 eum
293 593 444 656 necant:
471 579 627 679 ideoque
643 578 748 680 pulsi
766 603 789 654 a
813 594 928 680 patre,
952 582 1133 681 Aeginam

72 699 295 800 relinquunt·
321 698 521 778 Habitevit
545 698 681 776 exinde
707 696 889 778 Telamon
912 684 1133 787 Sammaei

72 818 241 895 insrrlam
281 818 413 897 Peleus
440 816 488 897 ad
512 816 754 924 Eurytionemi
773 817 826 894 lri
848 819 901 893 F.⁴
914 845 954 894 se
979 800 1133 917 confert,

73 938 180 1038 eique
205 937 364 1041 supplex
386 937 440 1032 fit,
466 950 503 1013 et
526 936 649 1012 caedis
663 950 782 1016 ³ceusa
805 922 991 1040 expiatur.
1005 1001 1010 1016 .
1023 941 1133 1021 Hunc

70 1057 200 1132 Peleus
223 1056 414 1160 postmodo
438 1057 482 1131 in
500 1057 716 1164 uenatione,
751 1081 883 1160 aprum
904 1057 1132 1137 feriretdtrm

69 1175 240 1271 intendit,
257 1176 473 1280 imrudens,
486 1175 676 1266 interficit:
688 1237 692 1249 .
702 1176 951 1278 profugusque
966 1177 1130 1257 ted-Atra.

69 1308 167 1375 sumt
190 1296 376 1397 pervenit.;
392 1295 435 1369 is-
450 1308 536 1377 eu'm
561 1293 685 1398 (quod
704 1297 985 1392 uxorPeleum,
1011 1322 1128 1399 aquo

66 1412 205 1488 frustm
229 1413 465 1494 concubitum
490 1415 709 1519 expetierat,-
734 1415 783 1492 u'd
805 1416 978 1495 maritum
997 1415 1044 1491 de
1066 1434 1129 1501 aa·
1185 1494 1192 1503 ,,

65 1532 208 1608 licitata
231 1558 298 1616 sua
322 1534 510 1636 pudicicia
540 1538 759 1631 accusasset)
793 1535 836 1609 in
866 1534 970 1618 Pelio
1003 1550 1127 1619 monta

65 1652 186 1728 solum
218 1653 390 1729 destituit.
410 1732 413 1737 ,
435 1638 584 1732 Peleus:
618 1651 874 1735 oberransad
907 1650 1127 1740 Cheironom

66 1772 167 1847 venit
192 1789 421 1853 centaurum:
460 1771 510 1846 ab
534 1789 652 1872 eoque
678 1773 836 1876 supplex
859 1774 1126 1874 impetrat,‚.,ut
1227 1771 1229 1776 ’

64 1890 273 1966 ἰηιαὴῑωιιι
297 1893 504 1999 recipiatur.
540 1892 628 1975 Inde
653 1890 926 1973 multisovious
942 1906 979 1967 et
1003 1890 1124 1997 bobus

67 2011 240 2105 collectis,
268 2010 315 2086 ad
333 2013 433 2087 [rum
448 2012 581 2114 pergit,
607 1996 722 2112 eaque
748 2013 869 2091 caedis
894 2013 1046 2088 nomine
1054 2039 1123 2117 pro

63 2129 201 2205 mulcta
216 2129 333 2207 offert.
352 2133 444 2208 Gum
455 2146 640 2213 recusaret
648 2133 745 2208 Irus:
762 2134 891 2209 Peleus
902 2157 957 2227 ea,
972 2133 1121 2214 oraculo.

64 2250 236 2346 monitus,
255 2253 414 2326 custodis
427 2266 547 2333 uacua,
558 2251 720 2325 dimittit.
745 2251 814 2329 ‚Ibi
829 2250 939 2353 lupus
956 2277 1000 2324 ea
1014 2252 1121 2325 inva-

62 2368 130 2462 dit,
146 2385 256 2468 atque
270 2370 429 2444 devorat.
444 2370 552 2469 isque
560 2369 669 2471 lupus
686 2369 812 2455 divino
824 2370 928 2448 iussn
940 2370 981 2443 in
991 2395 1122 2454 saxum

60 2503 235 2582 mutatur,
246 2488 347 2588 quod
358 2488 560 2579 diutissime
571 2488 1074 2590 permansitinterLocridem
1084 2477 1122 2563 et

59 2605 270 2682 Phocidem.
289 2611 433 2681 Narrat
441 2606 1117 2713 bocll'ioonderprimoAlterotoruua.

164 2726 252 2800 Cur.
285 2716 468 2802 XXXIX.
533 2730 830 2828 Arceoplson.
897 2725 1118 2830 Arainoi.

59 2844 341 2937 Hermeeianox
374 2844 537 2936 Leontio,
560 2852 610 2922 Π.
626 2914 629 2919 .
647 2850 783 2943 effert:
824 2843 1118 2949 Arceophontem

60 2964 289 3059 Minnyuidae
310 2966 349 3040 F.
363 2965 558 3057 ,Salamine
582 2966 697 3069 Cypri
719 2965 812 3040 urbe
838 2981 965 3040 natum
988 2964 1116 3050 fuisse,

57 3083 270 3185 parentibus
296 3085 482 3180 obscuris,
509 3086 647 3186 quippe
672 3083 935 3182 Phoenicibus:
961 3082 1026 3158 sed
1050 3092 1123 3187 pe-'

58 3202 167 3293 cunia
187 3217 223 3275 et
241 3202 323 3276 aliis
341 3202 456 3278 rebus
471 3203 606 3304 quibus
622 3203 911 3305 beatiputantu'r
934 3198 1116 3298 homines,

56 3322 261 3422 pluuimum¹
284 3321 373 3396 alios
399 3320 648 3410 discedentem.
684 3325 780 3398 Ilum
796 3323 875 3396 visa
892 3308 1116 3425 Nicocrepn-

56 3442 103 3514 tis
119 3439 403 3515 Salaminiorum
419 3443 516 3542 regis
537 3442 629 3544 filiat
651 3466 776 3516 amore
794 3427 873 3515 eius
893 3458 1113 3545 correptum,

56 3560 242 3660 eomagis
267 3561 412 3661 nuptias
433 3562 623 3669 expedite,
647 3561 736 3661 quia
749 3558 953 3634 Nicocreon
973 3562 1114 3657 aljar,
1165 3559 1167 3562 ⁴
1223 3622 1226 3631 ,

56 3702 119 3751 cro
131 3703 256 3781 ¹genus
273 3677 434 3777 duceret,
459 3703 503 3752 eo
528 3681 596 3780 qui
604 3677 876 3782 'Agamemnoni
898 3679 940 3751 in
956 3678 1112 3773 Ilioex-

54 3784 251 3897 pugnando
277 3795 411 3898 affuits
427 3797 549 3897 itaque
574 3797 794 3899 nuptialium
811 3821 1005 3898 munuum
1028 3796 1112 3898 pol-

52 3915 255 3991 licitatione
276 3917 367 3992 alios
394 3941 519 3991 omnes
537 3941 667 4017 procos
685 3939 882 4018 superasse.
919 3913 1110 4005 Caeterum

53 4033 330 4110 Nicocreontem
346 4034 515 4108 abnuisse
527 4049 570 4108 ut
584 4035 650 4135 qui
658 4034 837 4110 Punicum
843 4031 1108 4136 Arceophontis

53 4178 169 4255 genus
186 4152 260 4236 sibi
274 4153 447 4231 dedecori
460 4151 541 4232 sore
557 4169 728 4233 censeret.
761 4153 859 4232 Huic
872 4152 1106 4233 matrimonio
