2648 4792
130 318 177 385 8⁴

160 538 166 554 .
233 487 321 579 Cpr.
348 481 501 558 XXVII.
554 471 821 580 Iphigenia.
875 478 1019 555 Ibidem
1045 488 1084 552 ei
1111 481 1204 554 boec

136 603 313 695 namatio
335 603 505 678 babetur.
540 596 683 677 Thesei
709 613 745 674 et
763 598 936 695 Helenae,
963 600 1054 673 Jove
1073 613 1200 695 >natae3

131 729 210 809 filia
227 723 299 799 fuit
313 720 520 823 Iphigenia,
545 743 697 818 eamque
716 742 825 793 soror.
835 719 996 793 Helenae
1015 718 1200 813 Clytaem-

134 859 255 920 nestra
269 841 326 938 ἡ*),
358 840 626 940 Agamemnoni
650 837 797 931 dicens,
833 863 872 911 se
897 862 980 911 eam
1003 838 1206 939 peperisse·

133 991 220 1038 nam
244 960 386 1037 Helena
414 955 593 1032 fratribus
627 956 858 1050 auscultans,
898 956 1201 1057 virginemque

135 1081 284 1158 Theseo
310 1074 518 1151 discessisse
542 1072 673 1151 aiebat.
715 1074 808 1149 Cum
831 1076 1015 1150 exercitus
1042 1077 1203 1152 Graeco-

135 1226 219 1275 rum
240 1196 387 1288 Aulide,
413 1191 656 1295 navignionis
681 1195 950 1294 opportunitate
972 1193 1201 1288 destituente,-

136 1317 405 1393 detincrentur:
430 1310 682 1414 significarunt
704 1325 817 1404 vates,
843 1314 1123 1414 navigationem·
1136 1340 1201 1387 ex-

136 1437 303 1540 peditum
323 1433 388 1528 iri,
414 1433 447 1507 si
463 1429 656 1535 Iphigenia
672 1431 812 1509 Dianae
837 1432 1058 1510 immoletur.
1091 1432 1201 1507 Dedit

1 1557 2 1561 ’
138 1582 231 1639 eam.
244 1554 497 1653 Agamemnon
520 1576 588 1652 pro
613 1550 785 1644 victima,
809 1565 940 1652 rogatu
964 1548 1201 1626 Achivorum.-

136 1672 337 1761 caenare,
358 1669 555 1749 adductam
570 1670 765 1772 principes
783 1674 857 1744 non
874 1686 958 1745 sunt
975 1671 1114 1766 inuiti,
1139 1668 1202 1765 scd

138 1772 210 1867 alio
242 1789 364 1889 quivis
388 1789 524 1874 oculos
554 1802 771 1864 averterunt
820 1790 940 1864 Diana
972 1804 1095 1893 autem
1120 1789 1200 1867 looo

138 1898 351 2012 Iphigeniae
376 1909 572 2015 iuvencum
597 1907 645 1982 ad
669 1932 771 1981 aram
794 1908 932 2004 statuit,
946 1911 1038 2012 ‘ipsa
1061 1911 1200 2011 longis-

140 2033 232 2105 sime
259 2053 281 2100 a
308 2028 461 2102 Graecia
484 2029 526 2101 in
549 2028 738 2101 Euxinum
760 2029 935 2102 translata
958 2044 1130 2130 pontum,
1151 2028 1200 2102 acl

139 2144 349 2220 Thoantem
373 2142 609 2239 Borysthenis
630 2146 670 2222 F.
695 2171 900 2248 nomenque
926 2149 962 2221 ei
987 2151 1089 2249 genti
1113 2148 1200 2222 fecit

100 2348 101 2351 Ἴ
140 2265 298 2357 Tauros,
319 2264 407 2362 quia
432 2264 514 2338 loco
539 2263 749 2368 Iphigeniae
775 2267 823 2339 ad
848 2293 950 2340 aram
975 2270 1200 2369 apparuisset

62 2420 68 2429 .
137 2399 274 2457 taurus.
300 2383 417 2482 ipsam
442 2390 565 2458 autem
588 2384 609 2429 *i
632 2400 795 2486 ternpore
822 2390 989 2480 venisset,
1015 2386 1200 2461 transtulit

137 2499 366 2602 Iphigeniam
385 2504 426 2575 in
441 2504 590 2579 Leucon
610 2504 658 2576 ad
675 2501 874 2582 Achillem:
899 2521 1110 2607 mutataque
1130 2495 1199 2581 na-

72 2629 74 2632 '
138 2636 239 2714 tura,
265 2645 347 2694 eam
371 2638 535 2697 senectae
560 2624 761 2722 mortisque
780 2638 968 2724 expertem
993 2625 1129 2725 divam.
1144 2624 1197 2697 le-

139 2742 201 2830 cit,
223 2740 370 2812 nomine
387 2739 428 2811 in
446 2737 696 2815 Oreilochiam
714 2766 905 2819 converso:
933 2744 1077 2844 fuitque
1103 2769 1198 2821 uxor

139 2852 306 2928 Achillis.

242 2972 331 3048 (lar.
358 2974 527 3051 XXVIII.
582 2980 785 3079 Typhon.
845 2985 907 3055 Ex
940 2982 1069 3056 eodem
1104 2982 1196 3056 libro

139 3092 237 3165 ciuus
269 3118 411 3188 quoqne
444 3093 679 3192 insequentes
711 3099 950 3176 narrationes
978 3101 1194 3200 petivimus.

140 3211 276 3283 Terrae
301 3210 399 3286 filius
424 3212 497 3288 suit
514 3213 688 3316 Typhon,
714 3220 842 3318 genius
859 3222 1036 3295 immenso
1049 3222 1194 3315 robore,

139 3330 343 3403 monstrosa
378 3329 505 3407 forma.
538 3351 686 3409 namet
721 3340 840 3439 capita
864 3339 1024 3440 plurima
1048 3344 1084 3413 ei
1111 3357 1194 3432 nata

87 3515 92 3521 .
138 3460 232 3538 sunt,
258 3461 295 3521 et
318 3471 468 3544 manus,
495 3466 532 3525 et
555 3453 644 3547 alae,
670 3471 707 3530 et
732 3481 780 3530 ex
805 3457 1005 3532 femoribus
1030 3462 1195 3535 maxima

138 3579 348 3664 serpentum
371 3569 568 3646 volumina.
595 3575 712 3647 omnis
737 3578 883 3675 generis
911 3604 1018 3653 voces
1043 3579 1194 3654 edebat:

136 3706 255 3781 neque
272 3684 351 3757 eius
372 3687 468 3762 vires
494 3691 691 3791 quisquam
713 3693 944 3776 subsistebat.
976 3699 1010 3771 Is
1030 3696 1194 3800 Typhon

12 3868 20 3875 .
136 3799 333 3901 imperium
357 3804 457 3879 lovis
489 3805 692 3884 affectavit:
724 3813 972 3916 impetumque
997 3816 1195 3894 facientem

135 3939 242 3989 nemo
267 3917 419 3999 deorum
449 3924 633 4023 substitit,
668 3928 734 4006 sed
765 3957 888 4009 omnes
920 3935 961 4009 in
984 3935 1196 4039 Aegyptum

136 4082 336 4105 m

174 4165 205 4253 *)
223 4173 401 4242 rtunctsrus
423 4192 452 4242 ct
471 4131 651 4265 llarheykius
671 4183 983 4254 cidnum-educavit.
1111 4218 1114 4227 ·
1186 4216 1191 4228 ¹
