2648 4792
145 290 190 357 92

147 468 229 543 nat
236 466 346 545 loco
352 446 532 540 'utulatite
546 460 790 562 Tantalum,
824 465 872 540 ob
904 469 1152 571 periurium,
1163 470 1206 546 de

146 574 310 727 Sipylo*
296 612 338 660 ιιι
355 591 482 693 caput
489 566 739 688 praeeipitem
764 570 891 662 dedit..

230 707 351 781 Cir.
367 702 581 811 XXXVIII·
591 702 902 782 ··Dorienoea.
935 708 1208 804 Diomedem

145 812 251 929 capta
278 820 393 900 Troia
418 848 504 899 cum
528 825 687 899 venisset
710 825 877 927 Argos,
891 827 1064 928 Aegialeo
1088 818 1206 904 ninere

144 943 204 1019 olr
225 942 449 1019 atlulterium'
480 938 722 1046 repraehensa
733 1001 745 1038 ,
784 945 1006 1039 Calydonem
1039 946 1205 1023 Aetoliae

90 1048 97 1063 ’
143 1062 279 1138 urbem
300 1061 389 1138 ubit.
414 1062 472 1138 ibi
486 1063 687 1138 interfecto
714 1090 798 1139 cum
819 1063 948 1139 liberis
973 1064 1111 1166 Agrio,
1128 1082 1203 1140 'avo

143 1194 224 1259 euo'
241 1179 366 1260 Oeneo
383 1254 386 1261 Α
401 1204 568 1282 regnum·
586 1181 727 1257 reddit.-
777 1184 933 1257 Rursum
964 1184 1051 1259 inde
1086 1186 1202 1288 Argos

141 1302 339 1403 navigan&
355 1314 572 1403 tempestate·
591 1302 632 1376 in
656 1301 805 1377 lonium
829 1326 929 1376 mare
956 1304 1113 1379 elicitur.
1150 1306 1201 1381 llo

142 1421 516 1520 attatum-agnoscens
543 1422 770 1496 Iluuniorum
802 1422 1090 1510 rex··Daunius'‚
1117 1416 1202 1500 'oiut

140 1528 456 1617 urusilri‘beflum
469 1572 474 1579 ·
487 1541 539 1614 io·
559 1540 756 1642 Messapion
770 1559 775 1569 ·
789 1542 948 1641 gerenti,
977 1544 1133 1618 aonium
1155 1552 1200 1618 'ee

140 1659 333 1762 praebente
355 1659 538 1761 promis'sa
561 1659 602 1733 in
620 1660 894 1735 matrimonium
912 1660 1000 1756 filia,
1027 1672 1064 1735 e't
1077 1663 1200 1738 ¹ditio-

139 1780 336 1881 nis'parte.
371 1777 519 1881 Accipit
543 1778 789 1854 conditionem
813 1778 1017 1855 Diomedes.
1044 1807 1199 1882 cumque

138 1886 277 2001 praelio
319 1896 425 1971 lusis·
443 1890 638 2000 Messa‘piis¹
679 1906 809 2000 agrum
847 1912 941 1972 esset
975 1914 1198 1994 consecutus,

137 2015 378 2093 Doriensibus
411 2040 512 2112 eum,
546 2038 649 2118 qnos·
669 2041 795 2092 secum
826 2015 1007 2112 habebat,
1051 2018 1194 2094 dividit.¹

137 2138 220 2239 ipse
243 2162 292 2212 ex
315 2135 394 2210 filia
416 2135 575 2231 Daunii,
600 2136 696 2244 filios
720 2136 813 2211 duos
837 2153 1023 2238 procreat,
1049 2124 1198 2213 Diome-

39 2330 42 2337 ,
138 2255 285 2331 tlem¹et
308 2252 611 2357 Amphinomum.'
632 2270 815 2331 senectute
841 2262 1116 2358 consumptum,
1140 2258 1197 2332 ri*

139 2361 260 2476 taque
275 2373 444 2450 iunctum
468 2373 684 2481 Diomedem
708 2375 807 2481 apud
821 2377 991 2463 Daunios,
1015 2377 1056 2448 in
1080 2377 1196 2452 insola

140 2490 323 2572 tumulant
353 2494 565 2569 Dorienses:
603 2509 641 2568 et
671 2493 720 2568 ab
751 2520 796 2569 eo
819 2495 1054 2570 Diomedeam
1079 2499 1197 2571 nomi·-

136 2628 235 2689 nattt.
283 2613 442 2687 Proinde
468 2636 574 2711 agros
600 2638 621 2684 a
645 2638 733 2714 rege
756 2614 849 2715 ipsis
875 2611 976 2689 datos
998 2614 1135 2710 colunt,
1161 2631 1195 2690 et

136 2733 387 2833 (quiaessent
410 2731 630 2804 rusticorum
659 2755 809 2832 operum
833 2735 960 2834 periti)
993 2734 1195 2836 plurimum

71 2916 73 2921 .
138 2850 260 2926 exiis
284 2849 472 2924 fructuum
496 2847 713 2950 percipiunt.
757 2851 901 2927 Mortuo
926 2854 1082 2948 Daunio‚
1107 2855 1195 2950 llly-

134 2967 360 3044 riiharbari
383 2967 643 3062 Dorieneibus,
685 2969 819 3068 quibus
844 2987 978 3046 terram
1003 2973 1112 3047 istam
1135 2976 1194 3046 in-

134 3088 313 3183 viderent,
338 3087 490 3163 insidiae
515 3099 674 3162 struunt:
699 3089 812 3190 inque
837 3092 957 3203 insula
975 3091 1089 3165 saeris
1105 3117 1193 3194 ope-

134 3222 256 3283 rantes
279 3207 470 3282 universos
495 3205 617 3282 subito
643 3205 783 3302 adorti,
808 3208 1003 3285 trucidant.
1040 3213 1192 3284 'Eorum

133 3350 287 3427 corpora
311 3327 412 3401 Iovis
437 3341 528 3401 nutu
552 3326 720 3428 nuspiam
743 3327 823 3402 visa
847 3343 950 3423 sunt,
983 3331 1126 3403 animae
1152 3333 1200 3423 in·

134 3470 218 3519 aves
243 3443 422 3523 abierunt.
447 3447 566 3546 Atque
591 3446 702 3520 etiam
726 3441 837 3520 hodie
862 3458 947 3522 cum
968 3449 1108 3524 Graeca
1124 3474 1192 3521 na-

131 3567 188 3639 vis
214 3564 386 3668 appellit,
424 3589 508 3641 aves
533 3589 598 3639 eae
621 3564 820 3640 accedunt:
856 3567 1041 3660 Illyricam
1066 3582 1191 3643 autem

131 3684 296 3788 fugiunt,
321 3684 659 3785 universaeque‘ex
682 3684 803 3758 insula
828 3682 974 3760 abeunt

232 3803 318 3879 Gar.
351 3804 559 3879 XXXVIII.
618 3807 783 3903 Lupus.
838 3802 983 3898 Aeaeo,
1016 3801 1121 3899 Iovis
1155 3821 1192 3880 et

130 3919 291 4020 Aeginae
316 3922 355 3998 F.
383 3948 476 4024 quae
501 3923 578 3996 lilia
602 3921 716 4025 Asopi
740 3922 822 4015 suit,
847 3921 917 3995 filii
941 3920 1091 3998 suerunt
1112 3925 1191 3998 Te

133 4040 255 4118 lamon
280 4055 316 4114 et
340 4042 488 4117 Peleus:
523 4057 559 4116 et
583 4058 726 4143 praeter
749 4040 817 4117 hos
841 4038 1001 4137 Phocus,
1027 4069 1077 4117 ex
1100 4032 1192 4117 Psass

128 4157 251 4236 mathe
277 4157 388 4237 Nerei
412 4159 517 4235 lilia.¹
539 4161 646 4236 Hunc
672 4161 721 4236 ob
746 4160 918 4236 virtutem
942 4176 1045 4266 pater
1071 4163 1190 4238 maio·
