<?xml version="1.0" encoding="UTF-8"?>
<!DOCTYPE html PUBLIC "-//W3C//DTD XHTML 1.0 Transitional//EN"
    "http://www.w3.org/TR/xhtml1/DTD/xhtml1-transitional.dtd">
<html xmlns="http://www.w3.org/1999/xhtml" xml:lang="en" lang="en">
 <head>
  <title>
</title>
<meta http-equiv="Content-Type" content="text/html;charset=utf-8" />
  <meta name='ocr-system' content='tesseract 3.04.00' />
  <meta name='ocr-capabilities' content='ocr_page ocr_carea ocr_par ocr_line ocrx_word'/>
</head>
<body>
  <div class='ocr_page' id='page_1' title='image "./gntwnnouliberli00verhgoog_0017.png"; bbox 0 0 2648 4792; ppageno 0'>
   <div class='ocr_carea' id='block_1_1' title="bbox 151 278 202 355">
    <p class='ocr_par' dir='ltr' id='par_1_1' title="bbox 151 278 202 355">
     <span class='ocr_line' id='line_1_1' title="bbox 151 278 202 355; baseline 0 0"><span class='ocrx_word' id='word_1_1' title='bbox 151 278 178 330; x_wconf 73' lang='lat' dir='ltr'>x</span> <span class='ocrx_word' id='word_1_2' title='bbox 201 352 202 355; x_wconf 73' lang='grc'>,</span> 
     </span>
    </p>
   </div>
   <div class='ocr_carea' id='block_1_2' title="bbox 128 431 1213 4192">
    <p class='ocr_par' dir='ltr' id='par_1_2' title="bbox 128 431 1213 3167">
     <span class='ocr_line' id='line_1_2' title="bbox 128 431 1193 539; baseline 0.003 -29"><span class='ocrx_word' id='word_1_3' title='bbox 128 440 262 513; x_wconf 56' lang='lat' dir='ltr'><strong>‘unam</strong></span> <span class='ocrx_word' id='word_1_4' title='bbox 292 444 415 510; x_wconf 83' lang='lat' dir='ltr'><strong>omres</strong></span> <span class='ocrx_word' id='word_1_5' title='bbox 445 432 658 521; x_wconf 72' lang='lat' dir='ltr'><strong>recensendi</strong></span> <span class='ocrx_word' id='word_1_6' title='bbox 688 434 813 538; x_wconf 86' lang='lat' dir='ltr'><strong>legem</strong></span> <span class='ocrx_word' id='word_1_7' title='bbox 835 433 932 511; x_wconf 87' lang='lat' dir='ltr'><strong>mihi</strong></span> <span class='ocrx_word' id='word_1_8' title='bbox 956 431 1193 539; x_wconf 72' lang='lat' dir='ltr'><strong>scripsissem,</strong></span> 
     </span>
     <span class='ocr_line' id='line_1_3' title="bbox 135 536 1193 641; baseline 0.007 -31"><span class='ocrx_word' id='word_1_9' title='bbox 135 539 192 639; x_wconf 63' lang='lat' dir='ltr'><strong>,ts</strong></span> <span class='ocrx_word' id='word_1_10' title='bbox 206 536 376 639; x_wconf 72' lang='lat' dir='ltr'><strong>medium</strong></span> <span class='ocrx_word' id='word_1_11' title='bbox 399 563 472 613; x_wconf 87' lang='lat' dir='ltr'><strong>non</strong></span> <span class='ocrx_word' id='word_1_12' title='bbox 496 537 708 641; x_wconf 72' lang='lat' dir='ltr'><strong>proferrem.</strong></span> <span class='ocrx_word' id='word_1_13' title='bbox 758 538 921 612; x_wconf 87' lang='lat' dir='ltr'><strong>Primum</strong></span> <span class='ocrx_word' id='word_1_14' title='bbox 947 540 1061 640; x_wconf 88' lang='lat' dir='ltr'><strong>igitur</strong></span> <span class='ocrx_word' id='word_1_15' title='bbox 1085 541 1123 614; x_wconf 87' lang='lat' dir='ltr'><strong>F.</strong></span> <span class='ocrx_word' id='word_1_16' title='bbox 1149 542 1193 617; x_wconf 77' lang='lat' dir='ltr'><strong>G.</strong></span> 
     </span>
     <span class='ocr_line' id='line_1_4' title="bbox 148 636 1195 742; baseline 0.002 -28"><span class='ocrx_word' id='word_1_17' title='bbox 148 636 595 729; x_wconf 66' lang='lat' dir='ltr'><strong>Walcliiusfdntoniuum.</strong></span> <span class='ocrx_word' id='word_1_18' title='bbox 610 640 651 712; x_wconf 87' lang='lat' dir='ltr'><strong>in</strong></span> <span class='ocrx_word' id='word_1_19' title='bbox 683 641 813 714; x_wconf 83' lang='lat' dir='ltr'><strong>nostris</strong></span> <span class='ocrx_word' id='word_1_20' title='bbox 847 642 953 714; x_wconf 87' lang='lat' dir='ltr'><strong>terris</strong></span> <span class='ocrx_word' id='word_1_21' title='bbox 986 641 1195 742; x_wconf 84' lang='lat' dir='ltr'><strong>publicavit</strong></span> 
     </span>
     <span class='ocr_line' id='line_1_5' title="bbox 148 738 1194 842; baseline 0.001 -27"><span class='ocrx_word' id='word_1_22' title='bbox 148 739 357 816; x_wconf 70' lang='lat' dir='ltr'><strong>cim-:reris</strong></span> <span class='ocrx_word' id='word_1_23' title='bbox 389 740 574 842; x_wconf 81' lang='lat' dir='ltr'><strong>prioribus</strong></span> <span class='ocrx_word' id='word_1_24' title='bbox 596 738 761 816; x_wconf 81' lang='lat' dir='ltr'><strong>Berkelii</strong></span> <span class='ocrx_word' id='word_1_25' title='bbox 793 741 840 816; x_wconf 87' lang='lat' dir='ltr'><strong>ad</strong></span> <span class='ocrx_word' id='word_1_26' title='bbox 872 743 1010 817; x_wconf 82' lang='lat' dir='ltr'><strong>caleam</strong></span> <span class='ocrx_word' id='word_1_27' title='bbox 1033 741 1194 816; x_wconf 78' lang='lat' dir='ltr'><strong>Phaedri</strong></span> 
     </span>
     <span class='ocr_line' id='line_1_6' title="bbox 147 834 1194 942; baseline 0.003 -27"><span class='ocrx_word' id='word_1_28' title='bbox 147 841 357 929; x_wconf 77' lang='lat' dir='ltr'><strong>fabularum</strong></span> <span class='ocrx_word' id='word_1_29' title='bbox 379 834 538 942; x_wconf 24' lang='lat' dir='ltr'><strong>&#39;Lipsiae</strong></span> <span class='ocrx_word' id='word_1_30' title='bbox 559 857 852 917; x_wconf 73' lang='lat' dir='ltr'><strong>morsccsxrr&#39;n.</strong></span> <span class='ocrx_word' id='word_1_31' title='bbox 888 842 1022 919; x_wconf 85' lang='lat' dir='ltr'><strong>chartis</strong></span> <span class='ocrx_word' id='word_1_32' title='bbox 1052 845 1194 918; x_wconf 87' lang='lat' dir='ltr'><strong>octonis</strong></span> 
     </span>
     <span class='ocr_line' id='line_1_7' title="bbox 145 942 1193 1044; baseline 0.003 -28"><span class='ocrx_word' id='word_1_33' title='bbox 145 944 234 1018; x_wconf 84' lang='lat' dir='ltr'><strong>min.</strong></span> <span class='ocrx_word' id='word_1_34' title='bbox 251 942 519 1027; x_wconf 60' lang='lat' dir='ltr'><strong>&#39;Hacfeditione</strong></span> <span class='ocrx_word' id='word_1_35' title='bbox 539 943 713 1044; x_wconf 76' lang='lat' dir='ltr'><strong>equidem</strong></span> <span class='ocrx_word' id='word_1_36' title='bbox 724 959 818 1020; x_wconf 86' lang='lat' dir='ltr'><strong>utor.</strong></span> <span class='ocrx_word' id='word_1_37' title='bbox 850 944 1053 1019; x_wconf 87' lang='lat' dir='ltr'><strong>Harlessius</strong></span> <span class='ocrx_word' id='word_1_38' title='bbox 1071 961 1193 1040; x_wconf 83' lang='lat' dir='ltr'><strong>autem</strong></span> 
     </span>
     <span class='ocr_line' id='line_1_8' title="bbox 145 1043 1194 1146; baseline 0.002 -29"><span class='ocrx_word' id='word_1_39' title='bbox 145 1044 252 1118; x_wconf 84' lang='lat' dir='ltr'><strong>Brev.</strong></span> <span class='ocrx_word' id='word_1_40' title='bbox 270 1043 382 1117; x_wconf 76' lang='lat' dir='ltr'><strong>Notis.</strong></span> <span class='ocrx_word' id='word_1_41' title='bbox 400 1044 639 1118; x_wconf 84' lang='lat' dir='ltr'><strong>Litteratur&#39;ae</strong></span> <span class='ocrx_word' id='word_1_42' title='bbox 660 1045 816 1119; x_wconf 78' lang='lat' dir='ltr'><strong>Graecae</strong></span> <span class='ocrx_word' id='word_1_43' title='bbox 838 1072 922 1146; x_wconf 86' lang='lat' dir='ltr'><strong>pag.</strong></span> <span class='ocrx_word' id='word_1_44' title='bbox 940 1049 1025 1121; x_wconf 87' lang='lat'><strong>371.</strong></span> <span class='ocrx_word' id='word_1_45' title='bbox 1052 1047 1100 1120; x_wconf 90' lang='lat' dir='ltr'><strong>ad</strong></span> <span class='ocrx_word' id='word_1_46' title='bbox 1126 1071 1194 1119; x_wconf 83' lang='lat' dir='ltr'><strong>an-</strong></span> 
     </span>
     <span class='ocr_line' id='line_1_9' title="bbox 144 1146 1193 1247; baseline 0.003 -29"><span class='ocrx_word' id='word_1_47' title='bbox 144 1171 248 1223; x_wconf 65' lang='lat' dir='ltr'><strong>num⁴</strong></span> <span class='ocrx_word' id='word_1_48' title='bbox 268 1168 542 1221; x_wconf 74' lang='lat' dir='ltr'><strong>croroccxxxu.</strong></span> <span class='ocrx_word' id='word_1_49' title='bbox 575 1170 655 1219; x_wconf 87' lang='lat' dir='ltr'><strong>eam</strong></span> <span class='ocrx_word' id='word_1_50' title='bbox 686 1146 846 1219; x_wconf 85' lang='lat' dir='ltr'><strong>referens</strong></span> <span class='ocrx_word' id='word_1_51' title='bbox 880 1151 913 1220; x_wconf 90' lang='lat' dir='ltr'><strong>si</strong></span> <span class='ocrx_word' id='word_1_52' title='bbox 948 1172 1034 1221; x_wconf 77' lang='lat' dir='ltr'><strong>vera</strong></span> <span class='ocrx_word' id='word_1_53' title='bbox 1065 1147 1193 1247; x_wconf 89' lang='lat' dir='ltr'><strong>loqui-</strong></span> 
     </span>
     <span class='ocr_line' id='line_1_10' title="bbox 143 1240 1193 1352; baseline 0.002 -32"><span class='ocrx_word' id='word_1_54' title='bbox 143 1246 216 1339; x_wconf 79' lang='lat' dir='ltr'><strong>tur,</strong></span> <span class='ocrx_word' id='word_1_55' title='bbox 241 1243 500 1322; x_wconf 82' lang='lat' dir='ltr'><strong>Walobianum</strong></span> <span class='ocrx_word' id='word_1_56' title='bbox 522 1246 737 1350; x_wconf 81' lang='lat' dir='ltr'><strong>opusculum</strong></span> <span class='ocrx_word' id='word_1_57' title='bbox 761 1247 843 1350; x_wconf 83' lang='lat' dir='ltr'><strong>plus</strong></span> <span class='ocrx_word' id='word_1_58' title='bbox 867 1240 980 1322; x_wconf 85' lang='lat' dir='ltr'><strong>semel</strong></span> <span class='ocrx_word' id='word_1_59' title='bbox 1003 1250 1101 1352; x_wconf 80' lang='lat' dir='ltr'><strong>typis</strong></span> <span class='ocrx_word' id='word_1_60' title='bbox 1126 1249 1193 1343; x_wconf 85' lang='lat' dir='ltr'><strong>de-</strong></span> 
     </span>
     <span class='ocr_line' id='line_1_11' title="bbox 143 1349 1188 1459; baseline -0.002 -37"><span class='ocrx_word' id='word_1_61' title='bbox 143 1349 321 1459; x_wconf 73' lang='lat' dir='ltr'><strong>scriptum</strong></span> <span class='ocrx_word' id='word_1_62' title='bbox 344 1349 393 1423; x_wconf 87' lang='lat' dir='ltr'><strong>sit</strong></span> <span class='ocrx_word' id='word_1_63' title='bbox 415 1372 561 1422; x_wconf 82' lang='lat' dir='ltr'><strong>necessa</strong></span> <span class='ocrx_word' id='word_1_64' title='bbox 585 1363 651 1423; x_wconf 87' lang='lat' dir='ltr'><strong>est.</strong></span> <span class='ocrx_word' id='word_1_65' title='bbox 679 1373 702 1396; x_wconf 73' lang='grc'><strong>-“</strong></span> <span class='ocrx_word' id='word_1_66' title='bbox 906 1387 909 1393; x_wconf 91' lang='grc'><strong><em>·</em></strong></span> <span class='ocrx_word' id='word_1_67' title='bbox 1031 1394 1036 1405; x_wconf 83' lang='lat'><strong>·</strong></span> <span class='ocrx_word' id='word_1_68' title='bbox 1184 1399 1188 1407; x_wconf 85' lang='lat'>·</span> 
     </span>
     <span class='ocr_line' id='line_1_12' title="bbox 227 1445 1192 1625; baseline 0.003 -102.776"><span class='ocrx_word' id='word_1_69' title='bbox 227 1448 352 1524; x_wconf 81' lang='lat' dir='ltr'><strong>&#39;Hune</strong></span> <span class='ocrx_word' id='word_1_70' title='bbox 377 1450 518 1552; x_wconf 80' lang='lat' dir='ltr'><strong>exeipit</strong></span> <span class='ocrx_word' id='word_1_71' title='bbox 546 1449 660 1526; x_wconf 54' lang='grc' dir='ltr'><strong>ΕΗ.</strong></span> <span class='ocrx_word' id='word_1_72' title='bbox 680 1445 918 1547; x_wconf 49' lang='lat' dir='ltr'><strong>‘rannerus</strong></span> <span class='ocrx_word' id='word_1_73' title='bbox 939 1472 1027 1625; x_wconf 51' lang='lat' dir='ltr'><strong>guo</strong></span> <span class='ocrx_word' id='word_1_74' title='bbox 1060 1449 1192 1553; x_wconf 83' lang='lat' dir='ltr'><strong>opifice</strong></span> 
     </span>
     <span class='ocr_line' id='line_1_13' title="bbox 141 1542 1192 1652; baseline -0.002 -26"><span class='ocrx_word' id='word_1_75' title='bbox 141 1546 344 1626; x_wconf 76' lang='lat' dir='ltr'><strong>Antoninus</strong></span> <span class='ocrx_word' id='word_1_76' title='bbox 364 1548 424 1625; x_wconf 85' lang='lat' dir='ltr'><strong>bis</strong></span> <span class='ocrx_word' id='word_1_77' title='bbox 447 1551 699 1625; x_wconf 83' lang='lat' dir='ltr'><strong>eodem-anno¹</strong></span> <span class='ocrx_word' id='word_1_78' title='bbox 720 1546 939 1626; x_wconf 63' lang='lat' dir='ltr'><strong>emissores</strong></span> <span class='ocrx_word' id='word_1_79' title='bbox 990 1551 1105 1652; x_wconf 90' lang='lat' dir='ltr'><strong>ipsiae</strong></span> <span class='ocrx_word' id='word_1_80' title='bbox 1130 1542 1192 1624; x_wconf 77' lang='lat' dir='ltr'><strong>re-³</strong></span> 
     </span>
     <span class='ocr_line' id='line_1_14' title="bbox 139 1647 1190 1755; baseline 0.001 -30"><span class='ocrx_word' id='word_1_81' title='bbox 139 1667 288 1754; x_wconf 80' lang='lat' dir='ltr'><strong>paratus</strong></span> <span class='ocrx_word' id='word_1_82' title='bbox 317 1667 405 1727; x_wconf 80' lang='lat' dir='ltr'><strong>est·</strong></span> <span class='ocrx_word' id='word_1_83' title='bbox 434 1650 538 1727; x_wconf 85' lang='lat' dir='ltr'><strong>Isin·</strong></span> <span class='ocrx_word' id='word_1_84' title='bbox 566 1647 726 1727; x_wconf 84' lang='lat' dir='ltr'><strong>editione</strong></span> <span class='ocrx_word' id='word_1_85' title='bbox 756 1652 933 1755; x_wconf 87' lang='lat' dir='ltr'><strong>ampliore</strong></span> <span class='ocrx_word' id='word_1_86' title='bbox 958 1667 1058 1725; x_wconf 87' lang='lat' dir='ltr'><strong>notas</strong></span> <span class='ocrx_word' id='word_1_87' title='bbox 1087 1653 1190 1726; x_wconf 89' lang='lat' dir='ltr'><strong>adie-</strong></span> 
     </span>
     <span class='ocr_line' id='line_1_15' title="bbox 140 1751 1190 1851; baseline 0 -23"><span class='ocrx_word' id='word_1_88' title='bbox 140 1756 194 1828; x_wconf 86' lang='lat' dir='ltr'><strong>cit</strong></span> <span class='ocrx_word' id='word_1_89' title='bbox 207 1753 419 1849; x_wconf 76' lang='lat' dir='ltr'><strong>:Xylandri‚</strong></span> <span class='ocrx_word' id='word_1_90' title='bbox 452 1751 634 1849; x_wconf 84' lang='lat' dir='ltr'><strong>Berkelii,</strong></span> <span class='ocrx_word' id='word_1_91' title='bbox 668 1752 882 1851; x_wconf 78' lang='lat' dir='ltr'><strong>Munekeri,</strong></span> <span class='ocrx_word' id='word_1_92' title='bbox 916 1751 1120 1849; x_wconf 75' lang='lat' dir='ltr'><strong>Verheykii</strong></span> <span class='ocrx_word' id='word_1_93' title='bbox 1152 1768 1190 1828; x_wconf 91' lang='lat' dir='ltr'><strong>et</strong></span> 
     </span>
     <span class='ocr_line' id='line_1_16' title="bbox 138 1849 1189 1956; baseline -0.002 -26"><span class='ocrx_word' id='word_1_94' title='bbox 138 1855 274 1956; x_wconf 75' lang='lat' dir='ltr'><strong>Aesopi</strong></span> <span class='ocrx_word' id='word_1_95' title='bbox 298 1855 456 1954; x_wconf 82' lang='lat' dir='ltr'><strong>aliquot·</strong></span> <span class='ocrx_word' id='word_1_96' title='bbox 474 1849 673 1956; x_wconf 85' lang='lat' dir='ltr'><strong>Babriique</strong></span> <span class='ocrx_word' id='word_1_97' title='bbox 691 1856 870 1949; x_wconf 84' lang='lat' dir='ltr'><strong>·fabulas·‚</strong></span> <span class='ocrx_word' id='word_1_98' title='bbox 892 1856 1035 1930; x_wconf 77' lang='lat' dir='ltr'><strong>&#39;omissa</strong></span> <span class='ocrx_word' id='word_1_99' title='bbox 1065 1870 1189 1928; x_wconf 83' lang='lat' dir='ltr'><strong>tamen</strong></span> 
     </span>
     <span class='ocr_line' id='line_1_17' title="bbox 138 1952 1213 2059; baseline -0.004 -26"><span class='ocrx_word' id='word_1_100' title='bbox 138 1954 655 2059; x_wconf 65' lang='lat' dir='ltr'><strong>Xylendrissinterpretstione,</strong></span> <span class='ocrx_word' id='word_1_101' title='bbox 680 1952 945 2043; x_wconf 75' lang='lat' dir='ltr'><strong>inaltera&#39;sola</strong></span> <span class='ocrx_word' id='word_1_102' title='bbox 965 1959 1103 2031; x_wconf 80' lang='lat' dir='ltr'><strong>Graeca</strong></span> <span class='ocrx_word' id='word_1_103' title='bbox 1122 1957 1189 2029; x_wconf 65' lang='lat' dir='ltr'><strong>de-</strong></span> <span class='ocrx_word' id='word_1_104' title='bbox 1210 1970 1213 1976; x_wconf 83' lang='lat'>&#39;</span> 
     </span>
     <span class='ocr_line' id='line_1_18' title="bbox 138 2056 1187 2160; baseline 0.001 -28"><span class='ocrx_word' id='word_1_105' title='bbox 138 2059 285 2160; x_wconf 86' lang='lat' dir='ltr'><strong>scripsit</strong></span> <span class='ocrx_word' id='word_1_106' title='bbox 309 2059 441 2132; x_wconf 84' lang='lat' dir='ltr'><strong>additis</strong></span> <span class='ocrx_word' id='word_1_107' title='bbox 460 2059 616 2133; x_wconf 82' lang='lat' dir='ltr'><strong>Gabriae</strong></span> <span class='ocrx_word' id='word_1_108' title='bbox 642 2085 662 2132; x_wconf 90' lang='lat' dir='ltr'><strong>e</strong></span> <span class='ocrx_word' id='word_1_109' title='bbox 679 2058 808 2131; x_wconf 88' lang='lat' dir='ltr'><strong>Babrii</strong></span> <span class='ocrx_word' id='word_1_110' title='bbox 823 2056 964 2130; x_wconf 81' lang='lat' dir='ltr'><strong>¹sabulis</strong></span> <span class='ocrx_word' id='word_1_111' title='bbox 990 2057 1187 2133; x_wconf 77' lang='lat' dir='ltr'><strong>nonnullis.¹¹</strong></span> 
     </span>
     <span class='ocr_line' id='line_1_19' title="bbox 138 2157 1187 2264; baseline -0.001 -28"><span class='ocrx_word' id='word_1_112' title='bbox 138 2159 353 2242; x_wconf 78' lang='lat' dir='ltr'><strong>Teucherus</strong></span> <span class='ocrx_word' id='word_1_113' title='bbox 371 2176 501 2264; x_wconf 72' lang='lat' dir='ltr'><strong>autem,</strong></span> <span class='ocrx_word' id='word_1_114' title='bbox 526 2160 587 2234; x_wconf 80' lang='lat' dir='ltr'><strong>rel</strong></span> <span class='ocrx_word' id='word_1_115' title='bbox 604 2159 747 2234; x_wconf 87' lang='lat' dir='ltr'><strong>tantillo</strong></span> <span class='ocrx_word' id='word_1_116' title='bbox 766 2157 869 2232; x_wconf 83' lang='lat' dir='ltr'><strong>oneri</strong></span> <span class='ocrx_word' id='word_1_117' title='bbox 886 2159 1095 2232; x_wconf 73' lang='lat' dir='ltr'><strong>‘sustinendo</strong></span> <span class='ocrx_word' id='word_1_118' title='bbox 1114 2160 1187 2235; x_wconf 80' lang='lat' dir='ltr'><strong>inr·¹</strong></span> 
     </span>
     <span class='ocr_line' id='line_1_20' title="bbox 135 2257 1192 2364; baseline -0.003 -29"><span class='ocrx_word' id='word_1_119' title='bbox 135 2286 221 2364; x_wconf 68' lang='lat' dir='ltr'><strong>par,</strong></span> <span class='ocrx_word' id='word_1_120' title='bbox 240 2276 495 2364; x_wconf 78' lang='lat' dir='ltr'><strong>praeterquam</strong></span> <span class='ocrx_word' id='word_1_121' title='bbox 513 2261 612 2360; x_wconf 90' lang='lat' dir='ltr'><strong>quod</strong></span> <span class='ocrx_word' id='word_1_122' title='bbox 630 2263 869 2364; x_wconf 84' lang='lat' dir='ltr'><strong>interpretum</strong></span> <span class='ocrx_word' id='word_1_123' title='bbox 884 2257 1055 2361; x_wconf 75' lang='lat' dir='ltr'><strong>&#39;priorum</strong></span> <span class='ocrx_word' id='word_1_124' title='bbox 1072 2259 1192 2334; x_wconf 66' lang='lat' dir='ltr'><strong>adeo-s</strong></span> 
     </span>
     <span class='ocr_line' id='line_1_21' title="bbox 136 2360 1188 2463; baseline -0.008 -24"><span class='ocrx_word' id='word_1_125' title='bbox 136 2365 290 2439; x_wconf 85' lang='lat' dir='ltr'><strong>tationes</strong></span> <span class='ocrx_word' id='word_1_126' title='bbox 315 2365 446 2438; x_wconf 84' lang='lat' dir='ltr'><strong>misere</strong></span> <span class='ocrx_word' id='word_1_127' title='bbox 480 2364 702 2463; x_wconf 78' lang='lat' dir='ltr'><strong>decurtavit,</strong></span> <span class='ocrx_word' id='word_1_128' title='bbox 736 2378 793 2436; x_wconf 84' lang='lat' dir='ltr'><strong>ne</strong></span> <span class='ocrx_word' id='word_1_129' title='bbox 813 2386 857 2434; x_wconf 85' lang='lat' dir='ltr'><strong>ea</strong></span> <span class='ocrx_word' id='word_1_130' title='bbox 891 2360 1058 2461; x_wconf 87' lang='lat' dir='ltr'><strong>quidem,</strong></span> <span class='ocrx_word' id='word_1_131' title='bbox 1090 2380 1188 2459; x_wconf 81' lang='lat' dir='ltr'><strong>quae</strong></span> 
     </span>
     <span class='ocr_line' id='line_1_22' title="bbox 135 2461 1187 2567; baseline -0.009 -25"><span class='ocrx_word' id='word_1_132' title='bbox 135 2461 368 2562; x_wconf 72' lang='lat' dir='ltr'><strong>verheykius</strong></span> <span class='ocrx_word' id='word_1_133' title='bbox 392 2467 433 2541; x_wconf 85' lang='lat' dir='ltr'><strong>in</strong></span> <span class='ocrx_word' id='word_1_134' title='bbox 452 2480 616 2550; x_wconf 71' lang='lat' dir='ltr'><strong>extrema</strong></span> <span class='ocrx_word' id='word_1_135' title='bbox 631 2464 723 2538; x_wconf 83' lang='lat' dir='ltr'><strong>libri</strong></span> <span class='ocrx_word' id='word_1_136' title='bbox 738 2463 874 2567; x_wconf 86' lang='lat' dir='ltr'><strong>pagina</strong></span> <span class='ocrx_word' id='word_1_137' title='bbox 894 2461 1107 2562; x_wconf 89' lang='lat' dir='ltr'><strong>corrigenda</strong></span> <span class='ocrx_word' id='word_1_138' title='bbox 1125 2462 1187 2533; x_wconf 89' lang='lat' dir='ltr'><strong>in-</strong></span> 
     </span>
     <span class='ocr_line' id='line_1_23' title="bbox 135 2561 1190 2668; baseline -0.008 -26"><span class='ocrx_word' id='word_1_139' title='bbox 135 2567 342 2655; x_wconf 79' lang='lat' dir='ltr'><strong>dica-verat,</strong></span> <span class='ocrx_word' id='word_1_140' title='bbox 370 2571 552 2663; x_wconf 72' lang='lat' dir='ltr'><strong>conexit,</strong></span> <span class='ocrx_word' id='word_1_141' title='bbox 573 2561 672 2668; x_wconf 68' lang='lat' dir='ltr'><strong>&#39;quae</strong></span> <span class='ocrx_word' id='word_1_142' title='bbox 688 2565 923 2667; x_wconf 83' lang='lat' dir='ltr'><strong>negligentia</strong></span> <span class='ocrx_word' id='word_1_143' title='bbox 949 2590 1061 2663; x_wconf 89' lang='lat' dir='ltr'><strong>aeque</strong></span> <span class='ocrx_word' id='word_1_144' title='bbox 1086 2563 1190 2635; x_wconf 61' lang='lat' dir='ltr'><strong>vitu«</strong></span> 
     </span>
     <span class='ocr_line' id='line_1_24' title="bbox 132 2663 1200 2771; baseline -0.004 -29"><span class='ocrx_word' id='word_1_145' title='bbox 132 2670 295 2771; x_wconf 81' lang='lat' dir='ltr'><strong>peranda</strong></span> <span class='ocrx_word' id='word_1_146' title='bbox 318 2663 428 2767; x_wconf 74' lang='lat' dir='ltr'><strong>atque</strong></span> <span class='ocrx_word' id='word_1_147' title='bbox 453 2669 530 2762; x_wconf 87' lang='lat' dir='ltr'><strong>illa,</strong></span> <span class='ocrx_word' id='word_1_148' title='bbox 556 2693 630 2766; x_wconf 88' lang='lat' dir='ltr'><strong>qua</strong></span> <span class='ocrx_word' id='word_1_149' title='bbox 655 2669 721 2766; x_wconf 87' lang='lat' dir='ltr'><strong>qui</strong></span> <span class='ocrx_word' id='word_1_150' title='bbox 744 2692 861 2766; x_wconf 91' lang='lat' dir='ltr'><strong>nuper</strong></span> <span class='ocrx_word' id='word_1_151' title='bbox 880 2663 1200 2765; x_wconf 47' lang='lat' dir='ltr'><strong>Hephaestionem&gt;</strong></span> 
     </span>
     <span class='ocr_line' id='line_1_25' title="bbox 135 2760 1190 2870; baseline -0.006 -25"><span class='ocrx_word' id='word_1_152' title='bbox 135 2766 321 2845; x_wconf 80' lang='lat' dir='ltr'><strong>Gaislordi</strong></span> <span class='ocrx_word' id='word_1_153' title='bbox 344 2767 494 2870; x_wconf 83' lang='lat' dir='ltr'><strong>Lipsiae</strong></span> <span class='ocrx_word' id='word_1_154' title='bbox 518 2760 740 2860; x_wconf 74' lang='lat' dir='ltr'><strong>recoxit‚²ut</strong></span> <span class='ocrx_word' id='word_1_155' title='bbox 764 2765 867 2867; x_wconf 89' lang='lat' dir='ltr'><strong>aliud</strong></span> <span class='ocrx_word' id='word_1_156' title='bbox 891 2765 1004 2843; x_wconf 84' lang='lat' dir='ltr'><strong>abeo</strong></span> <span class='ocrx_word' id='word_1_157' title='bbox 1028 2767 1190 2867; x_wconf 81' lang='lat' dir='ltr'><strong>turpiter</strong></span> 
     </span>
     <span class='ocr_line' id='line_1_26' title="bbox 132 2866 1186 2973; baseline -0.008 -27"><span class='ocrx_word' id='word_1_158' title='bbox 132 2887 330 2973; x_wconf 80' lang='lat' dir='ltr'><strong>peecatum</strong></span> <span class='ocrx_word' id='word_1_159' title='bbox 346 2885 506 2964; x_wconf 84' lang='lat' dir='ltr'><strong>taceam,</strong></span> <span class='ocrx_word' id='word_1_160' title='bbox 530 2867 707 2944; x_wconf 83' lang='lat' dir='ltr'><strong>Addenda</strong></span> <span class='ocrx_word' id='word_1_161' title='bbox 731 2891 797 2940; x_wconf 91' lang='lat' dir='ltr'><strong>suo</strong></span> <span class='ocrx_word' id='word_1_162' title='bbox 810 2891 986 2968; x_wconf 83' lang='lat' dir='ltr'><strong>¹quaeque</strong></span> <span class='ocrx_word' id='word_1_163' title='bbox 1010 2866 1091 2943; x_wconf 90' lang='lat' dir='ltr'><strong>loco</strong></span> <span class='ocrx_word' id='word_1_164' title='bbox 1116 2866 1186 2939; x_wconf 87' lang='lat' dir='ltr'><strong>ad-&#39;</strong></span> 
     </span>
     <span class='ocr_line' id='line_1_27' title="bbox 133 2966 1188 3072; baseline -0.004 -26"><span class='ocrx_word' id='word_1_165' title='bbox 133 2973 220 3047; x_wconf 83' lang='lat' dir='ltr'><strong>dere</strong></span> <span class='ocrx_word' id='word_1_166' title='bbox 245 2999 319 3046; x_wconf 90' lang='lat' dir='ltr'><strong>non</strong></span> <span class='ocrx_word' id='word_1_167' title='bbox 339 2967 593 3068; x_wconf 73' lang='lat' dir='ltr'><strong>satis&#39;babuit,</strong></span> <span class='ocrx_word' id='word_1_168' title='bbox 618 2971 683 3067; x_wconf 83' lang='lat' dir='ltr'><strong>sed</strong></span> <span class='ocrx_word' id='word_1_169' title='bbox 706 2969 874 3072; x_wconf 80' lang='lat' dir='ltr'><strong>insuper,</strong></span> <span class='ocrx_word' id='word_1_170' title='bbox 897 2996 945 3043; x_wconf 88' lang='lat' dir='ltr'><strong>ne</strong></span> <span class='ocrx_word' id='word_1_171' title='bbox 970 2969 1061 3071; x_wconf 83' lang='lat' dir='ltr'><strong>quid</strong></span> <span class='ocrx_word' id='word_1_172' title='bbox 1085 2966 1188 3044; x_wconf 65' lang='lat' dir='ltr'><strong>desi-¹·</strong></span> 
     </span>
     <span class='ocr_line' id='line_1_28' title="bbox 132 3072 808 3167; baseline -0.012 -17"><span class='ocrx_word' id='word_1_173' title='bbox 132 3074 340 3167; x_wconf 79' lang='lat' dir='ltr'><strong>duraretur,</strong></span> <span class='ocrx_word' id='word_1_174' title='bbox 360 3072 517 3148; x_wconf 81' lang='lat' dir='ltr'><strong>addidit.</strong></span> <span class='ocrx_word' id='word_1_175' title='bbox 805 3098 808 3105; x_wconf 96' lang='lat'><em>·</em></span> 
     </span>
    </p>

    <p class='ocr_par' dir='ltr' id='par_1_3' title="bbox 133 3171 1188 3462">
     <span class='ocr_line' id='line_1_29' title="bbox 176 3171 1188 3276; baseline -0.005 -25"><span class='ocrx_word' id='word_1_176' title='bbox 176 3191 179 3197; x_wconf 84' lang='lat'>&#39;</span> <span class='ocrx_word' id='word_1_177' title='bbox 232 3176 436 3256; x_wconf 88' lang='lat' dir='ltr'><strong>Novissime</strong></span> <span class='ocrx_word' id='word_1_178' title='bbox 460 3175 608 3276; x_wconf 81' lang='lat' dir='ltr'><strong>Lipsiae</strong></span> <span class='ocrx_word' id='word_1_179' title='bbox 639 3171 841 3250; x_wconf 82' lang='lat' dir='ltr'><strong>Antoninus</strong></span> <span class='ocrx_word' id='word_1_180' title='bbox 874 3197 1030 3247; x_wconf 84' lang='lat' dir='ltr'><strong>excusus</strong></span> <span class='ocrx_word' id='word_1_181' title='bbox 1063 3187 1117 3246; x_wconf 87' lang='lat' dir='ltr'><strong>est</strong></span> <span class='ocrx_word' id='word_1_182' title='bbox 1149 3193 1188 3250; x_wconf 67' lang='lat' dir='ltr'><strong>a:</strong></span> 
     </span>
     <span class='ocr_line' id='line_1_30' title="bbox 136 3273 1183 3352; baseline -0.003 0"><span class='ocrx_word' id='word_1_183' title='bbox 136 3302 352 3352; x_wconf 81' lang='lat' dir='ltr'><strong>eroroccc1x</strong></span> <span class='ocrx_word' id='word_1_184' title='bbox 377 3277 418 3350; x_wconf 90' lang='lat' dir='ltr'><strong>in</strong></span> <span class='ocrx_word' id='word_1_185' title='bbox 441 3302 549 3352; x_wconf 87' lang='lat' dir='ltr'><strong>usum</strong></span> <span class='ocrx_word' id='word_1_186' title='bbox 573 3273 781 3352; x_wconf 88' lang='lat' dir='ltr'><strong>scholarum</strong></span> <span class='ocrx_word' id='word_1_187' title='bbox 806 3301 891 3350; x_wconf 88' lang='lat' dir='ltr'><strong>cum</strong></span> <span class='ocrx_word' id='word_1_188' title='bbox 915 3273 1099 3348; x_wconf 86' lang='lat' dir='ltr'><strong>nonnullis</strong></span> <span class='ocrx_word' id='word_1_189' title='bbox 1114 3300 1183 3349; x_wconf 84' lang='lat' dir='ltr'><strong>ve-</strong></span> 
     </span>
     <span class='ocr_line' id='line_1_31' title="bbox 133 3378 1187 3462; baseline -0.006 -8"><span class='ocrx_word' id='word_1_190' title='bbox 133 3393 253 3454; x_wconf 85' lang='lat' dir='ltr'><strong>terum</strong></span> <span class='ocrx_word' id='word_1_191' title='bbox 278 3378 437 3462; x_wconf 78' lang='lat' dir='ltr'><strong>sabulis.¹</strong></span> <span class='ocrx_word' id='word_1_192' title='bbox 1184 3430 1187 3436; x_wconf 83' lang='lat'>-</span> 
     </span>
    </p>

    <p class='ocr_par' dir='ltr' id='par_1_4' title="bbox 128 3476 1186 4192">
     <span class='ocr_line' id='line_1_32' title="bbox 232 3476 1186 3580; baseline -0.004 -26"><span class='ocrx_word' id='word_1_193' title='bbox 232 3481 387 3580; x_wconf 85' lang='lat' dir='ltr'><strong>Insignis</strong></span> <span class='ocrx_word' id='word_1_194' title='bbox 408 3505 496 3576; x_wconf 85' lang='lat' dir='ltr'><strong>vero</strong></span> <span class='ocrx_word' id='word_1_195' title='bbox 520 3479 588 3554; x_wconf 86' lang='lat' dir='ltr'><strong>lux</strong></span> <span class='ocrx_word' id='word_1_196' title='bbox 614 3476 753 3554; x_wconf 87' lang='lat' dir='ltr'><strong>affulsit</strong></span> <span class='ocrx_word' id='word_1_197' title='bbox 768 3503 886 3580; x_wconf 89' lang='lat' dir='ltr'><strong>nuper</strong></span> <span class='ocrx_word' id='word_1_198' title='bbox 899 3476 1081 3554; x_wconf 82' lang='lat' dir='ltr'><strong>Antonino</strong></span> <span class='ocrx_word' id='word_1_199' title='bbox 1098 3478 1186 3551; x_wconf 70' lang='lat' dir='ltr'><strong>exi-⁴</strong></span> 
     </span>
     <span class='ocr_line' id='line_1_33' title="bbox 132 3580 1183 3677; baseline -0.004 -20"><span class='ocrx_word' id='word_1_200' title='bbox 132 3582 208 3659; x_wconf 83' lang='lat' dir='ltr'><strong>mio</strong></span> <span class='ocrx_word' id='word_1_201' title='bbox 233 3604 320 3657; x_wconf 85' lang='lat' dir='ltr'><strong>cura</strong></span> <span class='ocrx_word' id='word_1_202' title='bbox 343 3581 381 3657; x_wconf 88' lang='lat' dir='ltr'><strong>b.</strong></span> <span class='ocrx_word' id='word_1_203' title='bbox 407 3581 523 3656; x_wconf 86' lang='lat' dir='ltr'><strong>Bastii</strong></span> <span class='ocrx_word' id='word_1_204' title='bbox 546 3584 587 3657; x_wconf 88' lang='lat' dir='ltr'><strong>in</strong></span> <span class='ocrx_word' id='word_1_205' title='bbox 618 3583 733 3656; x_wconf 87' lang='lat' dir='ltr'><strong>libro:</strong></span> <span class='ocrx_word' id='word_1_206' title='bbox 766 3587 899 3675; x_wconf 79' lang='lat' dir='ltr'><strong>Lettre</strong></span> <span class='ocrx_word' id='word_1_207' title='bbox 932 3580 1099 3677; x_wconf 68' lang='lat' dir='ltr'><strong>critique</strong></span> <span class='ocrx_word' id='word_1_208' title='bbox 1132 3582 1183 3653; x_wconf 80' lang='lat' dir='ltr'><strong>do</strong></span> 
     </span>
     <span class='ocr_line' id='line_1_34' title="bbox 128 3679 1182 3777; baseline -0.004 -19"><span class='ocrx_word' id='word_1_209' title='bbox 128 3688 175 3758; x_wconf 72' lang='lat' dir='ltr'><strong>F.</strong></span> <span class='ocrx_word' id='word_1_210' title='bbox 200 3690 231 3759; x_wconf 86' lang='lat'><strong>1.</strong></span> <span class='ocrx_word' id='word_1_211' title='bbox 257 3686 356 3757; x_wconf 80' lang='lat' dir='ltr'><strong>Boot</strong></span> <span class='ocrx_word' id='word_1_212' title='bbox 380 3710 406 3756; x_wconf 87' lang='lat' dir='ltr'><strong>a</strong></span> <span class='ocrx_word' id='word_1_213' title='bbox 429 3689 511 3761; x_wconf 86' lang='lat' dir='ltr'><strong>Mr.</strong></span> <span class='ocrx_word' id='word_1_214' title='bbox 537 3689 567 3758; x_wconf 86' lang='lat'><strong>1.</strong></span> <span class='ocrx_word' id='word_1_215' title='bbox 595 3689 637 3759; x_wconf 78' lang='lat' dir='ltr'><strong>F.</strong></span> <span class='ocrx_word' id='word_1_216' title='bbox 662 3682 904 3777; x_wconf 55' lang='lat' dir='ltr'><strong>Boiaeouuda</strong></span> <span class='ocrx_word' id='word_1_217' title='bbox 928 3709 997 3757; x_wconf 85' lang='lat' dir='ltr'><strong>sur</strong></span> <span class='ocrx_word' id='word_1_218' title='bbox 1020 3679 1182 3756; x_wconf 80' lang='lat' dir='ltr'><strong>Antoni-</strong></span> 
     </span>
     <span class='ocr_line' id='line_1_35' title="bbox 131 3781 1180 3872; baseline -0.003 -14"><span class='ocrx_word' id='word_1_219' title='bbox 131 3812 202 3858; x_wconf 84' lang='lat' dir='ltr'><strong>nus</strong></span> <span class='ocrx_word' id='word_1_220' title='bbox 217 3784 417 3872; x_wconf 81' lang='lat' dir='ltr'><strong>Liberalis,</strong></span> <span class='ocrx_word' id='word_1_221' title='bbox 441 3785 669 3862; x_wconf 75' lang='lat' dir='ltr'><strong>Parthenius</strong></span> <span class='ocrx_word' id='word_1_222' title='bbox 687 3796 725 3859; x_wconf 84' lang='lat' dir='ltr'><strong>et</strong></span> <span class='ocrx_word' id='word_1_223' title='bbox 738 3783 961 3867; x_wconf 67' lang='lat' dir='ltr'><strong>Ariste‘nite.</strong></span> <span class='ocrx_word' id='word_1_224' title='bbox 997 3781 1112 3861; x_wconf 80' lang='lat' dir='ltr'><strong>Pario</strong></span> <span class='ocrx_word' id='word_1_225' title='bbox 1128 3810 1180 3856; x_wconf 84' lang='lat' dir='ltr'><strong>an</strong></span> 
     </span>
     <span class='ocr_line' id='line_1_36' title="bbox 133 3885 1181 3971; baseline -0.003 -10"><span class='ocrx_word' id='word_1_226' title='bbox 133 3887 222 3961; x_wconf 84' lang='lat' dir='ltr'><strong>Xlll</strong></span> <span class='ocrx_word' id='word_1_227' title='bbox 239 3888 413 3963; x_wconf 84' lang='lat'><strong>-1805.</strong></span> <span class='ocrx_word' id='word_1_228' title='bbox 456 3888 623 3971; x_wconf 79' lang='lat' dir='ltr'><strong>Libellus</strong></span> <span class='ocrx_word' id='word_1_229' title='bbox 669 3902 790 3968; x_wconf 85' lang='lat' dir='ltr'><strong>noster</strong></span> <span class='ocrx_word' id='word_1_230' title='bbox 828 3901 1004 3964; x_wconf 84' lang='lat' dir='ltr'><strong>tractatur</strong></span> <span class='ocrx_word' id='word_1_231' title='bbox 1036 3885 1122 3960; x_wconf 89' lang='lat' dir='ltr'><strong>inde</strong></span> <span class='ocrx_word' id='word_1_232' title='bbox 1156 3910 1181 3958; x_wconf 91' lang='lat' dir='ltr'><strong>a</strong></span> 
     </span>
     <span class='ocr_line' id='line_1_37' title="bbox 131 3989 1181 4091; baseline 0.001 -30"><span class='ocrx_word' id='word_1_233' title='bbox 131 4013 215 4090; x_wconf 86' lang='lat' dir='ltr'><strong>pag.</strong></span> <span class='ocrx_word' id='word_1_234' title='bbox 242 3989 291 4063; x_wconf 80' lang='lat'><strong>63</strong></span> <span class='ocrx_word' id='word_1_235' title='bbox 317 3989 364 4062; x_wconf 88' lang='lat' dir='ltr'><strong>ad</strong></span> <span class='ocrx_word' id='word_1_236' title='bbox 386 4013 470 4090; x_wconf 85' lang='lat' dir='ltr'><strong>pag.</strong></span> <span class='ocrx_word' id='word_1_237' title='bbox 497 3991 581 4065; x_wconf 88' lang='grc'><strong>167.</strong></span> <span class='ocrx_word' id='word_1_238' title='bbox 630 3992 678 4066; x_wconf 86' lang='lat' dir='ltr'><strong>Et</strong></span> <span class='ocrx_word' id='word_1_239' title='bbox 700 3989 818 4064; x_wconf 85' lang='lat' dir='ltr'><strong>tribus</strong></span> <span class='ocrx_word' id='word_1_240' title='bbox 843 3990 946 4063; x_wconf 88' lang='lat' dir='ltr'><strong>annis</strong></span> <span class='ocrx_word' id='word_1_241' title='bbox 971 4002 1070 4091; x_wconf 91' lang='lat' dir='ltr'><strong>post:</strong></span> <span class='ocrx_word' id='word_1_242' title='bbox 1111 3991 1181 4062; x_wconf 60' lang='lat' dir='ltr'><strong>Fu?</strong></span> 
     </span>
     <span class='ocr_line' id='line_1_38' title="bbox 128 4089 1177 4192; baseline -0.001 -27"><span class='ocrx_word' id='word_1_243' title='bbox 128 4095 208 4167; x_wconf 78' lang='lat' dir='ltr'><strong>lae.</strong></span> <span class='ocrx_word' id='word_1_244' title='bbox 223 4089 353 4167; x_wconf 73' lang='lat' dir='ltr'><strong>Raetii</strong></span> <span class='ocrx_word' id='word_1_245' title='bbox 365 4090 537 4192; x_wconf 78' lang='lat' dir='ltr'><strong>Epistola</strong></span> <span class='ocrx_word' id='word_1_246' title='bbox 554 4090 698 4168; x_wconf 81' lang='lat' dir='ltr'><strong>Critioa</strong></span> <span class='ocrx_word' id='word_1_247' title='bbox 710 4094 765 4167; x_wconf 82' lang='lat' dir='ltr'><strong>ad</strong></span> <span class='ocrx_word' id='word_1_248' title='bbox 777 4097 822 4174; x_wconf 85' lang='lat' dir='ltr'><strong>V.</strong></span> <span class='ocrx_word' id='word_1_249' title='bbox 840 4093 889 4171; x_wconf 77' lang='lat' dir='ltr'><strong>ot</strong></span> <span class='ocrx_word' id='word_1_250' title='bbox 898 4095 925 4166; x_wconf 93' lang='lat' dir='ltr'><strong><em>I</em></strong></span> <span class='ocrx_word' id='word_1_251' title='bbox 924 4116 1029 4166; x_wconf 81' lang='lat' dir='ltr'><strong>oonn.</strong></span> <span class='ocrx_word' id='word_1_252' title='bbox 1040 4093 1177 4192; x_wconf 78' lang='lat' dir='ltr'><strong>Frons.</strong></span> 
     </span>
    </p>
   </div>
   <div class='ocr_carea' id='block_1_3' title="bbox 0 0 1328 4792">
    <p class='ocr_par' dir='ltr' id='par_1_5' title="bbox 0 0 1328 4792">
     <span class='ocr_line' id='line_1_39' title="bbox 0 0 1328 4792; baseline 0 7"><span class='ocrx_word' id='word_1_253' title='bbox 0 0 1328 4792; x_wconf 95' lang='lat' dir='ltr'><strong> </strong></span> 
     </span>
    </p>
   </div>
  </div>
 </body>
</html>
