2648 4792
1164 206 1234 319 π’

138 415 253 488 Deus·
273 409 474 512 aliquando.
499 410 657 487 salutem
690 410 796 487 fratri
830 411 880 489 ah
904 413 1035 516 apibus
1067 421 1203 507 numito

137 533 335 606 allaturum
358 545 558 605 monuerat.
612 531 708 604 Puer
733 531 952 633 simulatque
976 537 1125 613 virilem
1149 557 1204 616 at-

137 652 225 750 tigit
250 666 416 744 aetatem,
442 647 630 752 praeclaro
654 652 849 750 regessit,
875 633 1117 756 plurimisque
1142 662 1201 734 vi-

134 771 303 845 cinorum
315 769 497 874 praesuiis
514 784 550 843 et
569 770 611 843 in
626 765 761 844 Phthia
778 769 911 845 urbem
928 771 1093 849 Melitam
1112 803 1199 853 con—

135 889 242 965 didit.
276 890 412 964 Extitit
436 915 478 963 ea
503 890 544 965 in
562 885 656 963 urbe
681 903 857 982 tyrannm
882 890 1075 978 violentus
1089 908 1197 993 atque

136 1009 436 1104 conmmeliosus,
449 1009 552 1083 cuius
569 1006 662 1092 adeo
672 1034 805 1083 nomen
820 1010 963 1092 incolae
977 1036 1052 1083 non
1069 1012 1197 1089 edunt:

134 1129 323 1230 peregrini
356 1127 566 1203 Tartarum.
583 1126 824 1235 appellabant
856 1130 912 1225 is,
937 1129 982 1203 -si
1012 1155 1087 1228 qua
1118 1132 1197 1211 eius

134 1248 211 1322 loci
236 1247 344 1348 virgo
374 1246 423 1321 ob
455 1246 596 1323 formae
625 1245 913 1347 pulcritudinem
937 1247 1196 1346 celebraretur,

130 1369 173 1439 vi
199 1391 281 1443 eam
304 1379 385 1441 ante
409 1365 775 1466 nuptiasabductam
799 1367 965 1444 vitiabat.
1004 1368 1137 1471 Atque
1150 1398 1195 1451 eo

131 1502 214 1560 tum
230 1500 399 1588 tempore·
415 1485 601 1563 ministros
621 1486 776 1561 iusserat
795 1485 975 1571 adducere
989 1489 1066 1564 sibi
1077 1491 1193 1593 Aspar
1279 1572 1280 1577 ,
1311 1468 1316 1477 ³

129 1606 265 1700 Iidem,
287 1605 436 1704 ..Argaei
455 1628 534 1677 non
565 1605 740 1704 ignobilis
767 1606 842 1681 viri
865 1606 991 1682 filiam.
1018 1634 1111 1709 quae
1136 1612 1192 1683 rei
1304 1611 1306 1615 ’

130 1724 229 1798 sama
252 1718 452 1825 diuulgata,
478 1738 560 1797 ante
582 1723 782 1801 adventum
805 1751 935 1800 eorum
958 1727 1095 1825 quibus
1112 1728 1189 1812 ¹alsv

128 1843 287 1919 ducendi
310 1844 370 1918 sui
399 1843 594 1943 negocium
610 1859 703 1917 erat
717 1910 719 1919 ,
735 1843 881 1938 datum,
898 1845 1074 1946 ¹seipsum
1105 1826 1186 1919 susi

129 1964 267 2064 pendit.
317 1963 427 2037 Facto
462 1959 583 2036 adhuc
610 1963 752 2040 „latente
776 1962 890 2043 frater
914 1960 1067 2065 puellae⁴
1081 1964 1191 2059 Asty-

130 2084 223 2185 gites
255 2083 370 2176 iurat,
401 2084 618 2183 priusquam
650 2084 799 2163 sororis.
819 2109 950 2184 corpus
979 2082 1190 2185 deponeret,

84 2190 87 2197 ⁴
130 2228 178 2276 se·
194 2204 234 2275 in
258 2217 456 2297 tyrannum
478 2203 761 2278 vindicaturum.
774 2201 888 2280 illico
913 2216 1050 2276 vestem
1072 2202 1190 2304 Aspa-

128 2322 216 2395 lidis
240 2320 381 2412 induit,
414 2318 611 2419 gladioque
646 2322 693 2396 ad
710 2320 905 2398 sinistrum
927 2319 1022 2396 latus
1047 2319 1188 2415 abdito,

126 2440 231 2540 quod
255 2438 463 2513 adolescens
488 2438 687 2513 etiamnum
712 2453 823 2532 esset,
847 2437 993 2513 nemine
1017 2464 1187 2516 sexume

126 2558 235 2631 vultu
250 2571 479 2658 agnoscente,
498 2557 539 2630 in
557 2555 707 2634 domum
720 2558 867 2652 tyranni
884 2557 1062 2656 pervenit,
1088 2583 1191 2633 eum«

128 2699 207 2778 qne
231 2677 372 2752 nudum
394 2675 730 2774 incustoditumque
749 2675 937 2758 interficit]
983 2675 1189 2777 Melitenses
1263 2750 1268 2756 ,

128 2797 332 2897 Astygitem
358 2818 491 2871 corona
516 2794 707 2889 decorant,
731 2795 964 2904 Paeanasquo
989 2795 1189 2870 accinendo

128 2916 324 2990 deducunt.
360 2915 514 2991 cadaver
546 2914 695 3010 manni
726 2915 767 2987 in
798 2913 935 2989 flumen
959 2912 1188 3016 demergunt,

129 3035 230 3135 quod
265 3034 314 3109 als
348 3060 392 3108 eo
425 3061 539 3134 usque
573 3047 736 3135 tempore
771 3031 957 3134 hodieque
989 3033 1189 3108 Tartarum

130 3169 275 3230 vocant.
324 3155 462 3256 Corpus
488 3167 610 3225 autem
633 3152 817 3254 Aspalidis
843 3153 891 3227 ad
914 3150 1105 3231 honestam
1130 3178 1189 3226 se-

125 3264 315 3377 pulturam
339 3300 480 3346 summo
513 3271 633 3347 studio
663 3272 907 3373 requirentes,
937 3271 1108 3373 nuspiam
1131 3272 1191 3344 in-

129 3396 255 3466 venire
279 3407 500 3494 potuerunt,
532 3391 632 3491 quod
661 3392 704 3466 id
727 3393 825 3464 Deus
850 3390 896 3465 de
921 3390 1044 3475 medio
1070 3405 1190 3471 sustu—

128 3513 242 3587 lisset.
292 3511 394 3587 Loco
426 3520 549 3584 autem
581 3511 743 3616 corporis
776 3525 895 3584 statua
920 3511 1027 3584 iuxta
1051 3511 1189 3585 Dianae

129 3634 228 3706 stans
253 3631 441 3732 apparuit:
471 3629 588 3730 idque
617 3630 857 3706 simrdacrum
880 3629 1022 3704 incolae
1047 3627 1191 3728 Aspoli-
1264 3638 1269 3653 ¹

130 3751 217 3826 dem
240 3765 383 3846 vocant,
407 3737 637 3846 Ameiletam,
653 3758 699 3824 'et
713 3749 956 3850 Hecaergam:
981 3761 1020 3820 et
1037 3759 1190 3845 quotau·
1293 3802 1295 3807 -

126 3872 190 3944 'nis
226 3864 390 3972 virgines
425 3865 587 3944 hoedum
616 3869 794 3945 intactum
826 3871 868 3943 in
899 3868 977 3942 eius
1002 3863 1191 3956 honorem,

132 3992 373 4095 praecipitem
399 3989 549 4088 dabant,
573 3990 675 4092 quod
695 4005 731 4066 et
748 3988 891 4091 Aspalis
903 3988 1016 4091 uirgo
1036 3986 1190 4089 seipsam
