2648 4792
135 507 238 571 nau,
280 499 398 564 Bestius
418 515 588 580 perversam
610 494 780 577 opinionem
803 516 900 569 suam,
919 495 953 556 in
974 496 1076 578 priore
1094 497 1193 579 Epist.

138 591 256 654 criticae
283 580 413 647 editione
439 604 508 666 pag.
531 583 584 646 74.
612 581 774 664 prolatam,
809 582 985 665 particulam
1007 603 1044 643 ca
1066 583 1195 666 pleona-

139 692 237 741 smum
258 695 324 735 ease
343 672 465 735 Ionibus
488 670 659 753 proprium,
693 690 783 750 quem
810 672 843 730 in
865 692 991 732 errorem
1011 693 1029 730 a
1050 671 1197 755 Gregorio

139 763 293 829 corinthio
316 781 384 842 pag.
399 759 473 819 412.
491 757 538 819 ed.
560 757 631 820 seh.
652 777 686 816 se
707 757 809 818 induci
831 776 935 838 passus
958 770 1012 834 est,
1033 759 1197 841 postmodo

136 855 179 914 ita
197 847 378 923 retractavit,
399 858 434 907 ut
452 844 576 905 eandem
595 841 733 904 voculam
751 866 819 904 cum
837 844 994 907 Schaefero
1016 847 1056 906 ad
1070 846 1198 925 Dionys.

136 936 234 1002 Italic.
258 935 294 996 de
312 938 416 1014 comp.
426 933 516 995 verb.
537 952 604 1014 pag.
617 934 691 992 191.
712 929 800 1010 plane
819 933 1018 993 inducendam
1039 953 1107 993 esse
1126 955 1194 993 cen-

137 1038 232 1100 seret,
255 1034 358 1104 utpote
377 1032 475 1079 natam
498 1030 536 1079 ex
558 1016 662 1077 ultima
683 1019 770 1077 verbi
789 1021 952 1102 praegressi
974 1019 1100 1098 syllaba.
1137 1025 1196 1080 Ita·

139 1134 198 1194 quc
218 1107 401 1185 delevimus,
424 1104 566 1167 suadente
587 1105 675 1164 etiam
698 1124 821 1167 censore
841 1108 874 1166 in
894 1108 1022 1189 Ephem.
1039 1106 1121 1170 liter.
1141 1108 1196 1169 Je-

138 1218 222 1261 nens.
242 1217 269 1257 a.
291 1198 386 1255 1807.
404 1197 460 1256 No.
480 1196 555 1254 287.
576 1212 603 1253 c.
623 1192 697 1252 476.

224 1287 297 1365 Pag.
319 1286 351 1357 8,
377 1286 427 1342 to,
468 1273 695 1360 ἀφανίσας]
718 1277 750 1339 la.
771 1300 798 1340 e.
820 1300 889 1339 cum
916 1283 1041 1363 figuram
1064 1276 1112 1341 illi
1139 1280 1197 1340 ltu·

140 1390 259 1434 menam
282 1366 457 1442 ademisset,
479 1363 590 1425 velex
611 1364 782 1427 hominibus
804 1386 871 1425 eum
890 1367 1069 1429 sustulisset.
1098 1353 1197 1427 ἀλλά-

140 1457 193 1532 ξαν
212 1450 268 1516 ἀπ’
288 1441 469 1535 ἀνθρώπων
488 1450 521 1510 id
543 1450 616 1511 dicit
631 1473 696 1535 cap.
713 1457 765 1515 30.-
783 1443 941 1529 ἀφανίζειν
961 1450 995 1525 ἒξ
1016 1444 1198 1536 ἀνθρώπων

141 1562 205 1628 cap.
228 1545 281 1603 2⁵.
315 1545 383 1602 Non
404 1549 545 1621 oeperunt
566 1539 647 1598 hunc
667 1538 767 1599 locum
788 1541 972 1621 interpretes.
1005 1541 1109 1602 Editio
1128 1541 1197 1601 Lei·

141 1630 260 1694 densist
286 1646 384 1686 naorae
405 1643 524 1707 quoque
545 1627 612 1683 eius
632 1627 812 1684 immutavit
833 1637 863 1683 et
884 1631 1033 1707 corrupit.
1064 1625 1199 1692 Moror.

141 1725 223 1795 Quae
243 1715 294 1777 hic
315 1712 353 1772 de
373 1715 496 1772 Hieracc
522 1711 555 1771 in
582 1711 750 1794 accipitrem
772 1724 885 1774 mutato
906 1714 994 1775 refert
1014 1715 1197 1794 Antoninus,

140 1805 244 1867 eadem
272 1800 310 1862 de
335 1796 534 1875 Daedalione,
565 1798 619 1858 sed
645 1797 732 1859 aliam
758 1800 796 1858 ob
820 1820 953 1879 causam,
986 1816 1087 1864 narrat
1106 1802 1202 1864 Ouid.-

140 1892 267 1955 litant
296 1891 369 1948 Met.
389 1906 424 1947 v.
440 1890 516 1946 3⁴0.
549 1885 602 1945 ubi
629 1888 694 1946 avis
722 1884 810 1948 istius
839 1885 1067 1970 descriptionem
1094 1890 1194 1955 verbis

120 1999 204 2047 ¹non
224 1979 266 2039 ita
287 1973 414 2034 diversis
441 1972 571 2032 exhibet.
622 1972 783 2049 Sequentia
807 1973 888 2033 hunc
906 1978 939 2034 in
961 1975 1085 2036 modum
1107 1978 1196 2038 refin-

140 2068 183 2168 git
197 2060 387 2124 Fonteinius:
408 2056 472 2117 Kal
494 2045 531 2117 τὸ
547 2039 633 2136 ἦθος
649 2049 783 2136 ἤλλαξεν
800 2051 966 2136 ἀφανίσας·
987 2050 1127 2133 πολλοὺς
1141 2050 1196 2144 γὰρ

140 2138 331 2231 astipulatore
351 2137 530 2204 ἀποθανεῖν
548 2132 747 2220 κωλύσαντα,
783 2140 950 2217 πλείστους
972 2144 1121 2228 ἐποίησεν
1140 2143 1197 2209 αὗ-

140 2224 196 2298 τὸν
216 2227 356 2317 ipsicius
374 2223 572 2306 ἀποκτεῖναι,
601 2228 651 2289 καὶ
673 2227 802 2310 μέγιστα
822 2226 878 2292 ὑπ’
900 2223 1194 2317 tremuerunt,-

142 2320 245 2384 θέντα
263 2313 409 2380 πλεῖστον
430 2303 493 2376 ἀπὸ
514 2311 577 2376 τάν
598 2309 713 2399 ὀρνέων
735 2316 922 2399 μισηθῆναι.
958 2327 1060 2383 Vsnu.
1161 2396 1164 2401 Ι

162 2446 165 2451 .
220 2414 294 2490 pag,
315 2411 346 2480 θ,
371 2407 422 2467 15.
458 2389 703 2485 ὁΔράοπος]
735 2405 857 2466 Hiccino
879 2429 917 2469 an
937 2409 1017 2469 idem
1035 2410 1086 2486 sit,
1108 2426 1207 2490 quem

143 2498 220 2559 infra
242 2517 307 2575 cap.
324 2498 376 2559 322
419 2489 557 2572 Sperchii
578 2502 607 2550 et
621 2484 789 2570 Polydoreo
808 2492 914 2573 filium,
938 2508 967 2556 et
988 2499 1077 2559 Oetae
1096 2518 1197 2581 regem

78 2622 84 2631 s
141 2585 222 2662 tacit,
241 2583 357 2664 ignoro.
389 2576 494 2639 Plures
514 2576 606 2637 fuisse
626 2578 779 2640 videntur.
813 2580 898 2642 (lonf.
918 2580 961 2643 01.
982 2586 1139 2646 Staveren.
1159 2584 1196 2643 ad

142 2675 222 2752 Hyg.
242 2689 306 2749 cap.
328 2672 380 2728 90.
401 2666 507 2727 Tacta.
529 2663 567 2722 ad
589 2664 739 2745 Lycophr.
760 2685 793 2726 v.
816 2665 890 2728 tso.
919 2669 961 2727 ibi
989 2670 1038 2732 cit.
1065 2672 1195 2754 Dryopis

97 2810 100 2816 .
144 2755 278 2817 meminit
304 2749 453 2836 Apollinis
483 2769 517 2808 ac
546 2750 618 2808 Diae
646 2749 711 2812 filii.
753 2755 832 2812 Inter
860 2756 971 2815 Priami
999 2755 1078 2817 filios
1107 2759 1196 2817 etiam

143 2848 295 2923 Dryopem
316 2847 445 2896 recenset
455 2830 596 2916 Apollod.
617 2833 670 2898 lib.
683 2840 736 2899 111.
758 2858 824 2920 cap.
839 2845 889 2903 11.
912 2838 938 2918 §.
952 2844 982 2905 5.
1012 2847 1057 2903 De
1075 2844 1196 2926 Dryope

144 2930 274 3003 made,
297 2944 385 3003 quem
404 2927 539 3002 Dryopes
560 2922 673 2983 Asinen
693 2925 878 2986 transtulisse
898 2928 1072 2990 Aristoteles
1095 2944 1197 2991 auctor

146 3024 207 3095 eet,
228 3011 414 3096 agit'Strabo
434 3006 487 3076 libr
507 3009 585 3071 vm.
607 3014 683 3071 373.-
725 3011 781 3085 uui
802 3025 905 3075 nostro
925 3037 989 3096 cap.
1013 3021 1065 3080 32.
1087 3018 1198 3078 descri-

146 3103 233 3176 bitur,
253 3099 333 3158 idem
356 3109 410 3172 cst,
434 3115 522 3174 quem
541 3095 643 3158 Schol.
659 3092 801 3178 Apollon.
816 3099 914 3162 Rhod.
935 3100 988 3165 lib.
1009 3108 1033 3165 Ι.
1055 3109 1198 3167 v.1213.

143 3187 235 3249 Penei
254 3184 342 3245 fluvii
363 3195 393 3244 et
413 3180 579 3260 Polydoreo
598 3180 693 3244 filium
714 3176 990 3270 facitsssrrcppsidt
1011 3202 1040 3251 et
1062 3178 1197 3271 Πηνειὸς

143 3268 519 3334 in·t1ss.coufunduntur.
561 3273 662 3332 Vsus.

172 3376 175 3381 ·
230 3357 331 3454 Ibiq-
349 3346 440 3435 ᾤνει
465 3350 555 3436 γῆς]
596 3355 719 3438 Ellipsis
739 3356 966 3441 praepositionis
986 3357 1048 3423 snt.
1090 3368 1197 3426 Noster

145 3466 210 3527 esp,
230 3449 281 3508 12.
301 3460 372 3520 ῳαει
393 3438 446 3500 ini
465 3438 528 3500 τάν
546 3435 655 3523 ἀγρῶν.
698 3448 781 3506 loun.
801 3446 924 3528 Apocal.
946 3470 1009 3534 cap.
1021 3453 1075 3512 XI.
1096 3472 1131 3513 v.
1147 3457 1197 3513 10.

144 3525 374 3598 Κατακοῦντες
400 3523 456 3588 snt
480 3520 537 3606 τῆς
564 3525 630 3608 γῆς.
663 3532 794 3594 Morou.
843 3535 968 3616 Respuit
998 3536 1047 3595 hic
1077 3535 1197 3621 ellipsin

142 3616 315 3696 Berkelius,
342 3629 371 3674 et
389 3615 572 3693 ubicumque
593 3614 733 3698 gignendi
757 3639 840 3678 casus
869 3635 1018 3696 occurrat,
1051 3627 1196 3686 accusati-

142 3720 218 3766 vum
246 3701 351 3788 reponi
378 3701 477 3778 iubet,
515 3714 693 3783 quapropter
706 3700 917 3788 ‘8choetgeni'o
943 3708 979 3768 ad
999 3713 1034 3771 Ι..
1053 3714 1115 3771 Bos
1136 3711 1196 3773 ΕΠ.

142 3794 243 3856 Graec.
263 3810 332 3874 pag.
355 3792 429 3850 327.
455 3786 588 3868 vapulat.
617 3788 719 3852 Vana.
758 3793 907 3854 xBerlrelii
936 3795 1091 3857 conamine
1117 3797 1196 3858 nihil

140 3890 270 3955 unquam
287 3875 360 3938 vidi
369 3874 509 3956 ineptius.
551 3876 654 3954 Neque
673 3873 779 3938 melius
796 3900 844 3940 res
866 3883 953 3942 cessit
971 3883 1087 3960 Bastio,
1108 3886 1194 3946 cuius

141 3960 405 4040 obseruationem,¹
426 3973 462 4020 ut
480 3959 623 4037 refutem,
656 3983 694 4022 ex
721 3962 833 4026 Gallica
851 3968 948 4049 Epist.
969 3969 1040 4039 crit.
1062 3970 1194 4033 editione

136 4048 278 4130 papii.
295 4068 355 4107 non
374 4064 497 4128 possum
515 4047 588 4126 quin
607 4055 701 4111 totam
720 4049 781 4112 huc
796 4055 997 4133 transcribam,
1018 4060 1194 4138 praesertim

134 4137 332 4197 cumomiasa
354 4134 393 4192 sit
414 4132 684 4218 aWiadeburgio:
715 4139 797 4216 „La
819 4149 1047 4214 construction,
1078 4139 1190 4226 inquit,

131 4220 175 4284 dra
197 4220 291 4287 mdc
310 4216 408 4284 claua
432 4238 510 4279 avae
528 4218 559 4278 lc
579 4220 705 4303 geniti?
721 4220 823 4285 rr’'est
840 4248 902 4306 pua
923 4249 999 4288 eane
1020 4233 1184 4310 exemplar.
