2648 4792
136 490 292 550 storum:
318 486 356 551 at
376 469 556 575 Nymphis
576 472 699 547 omnm
724 470 772 546 ad
796 470 1018 572 elegantiam
1040 467 1196 544 subinde

134 607 379 695 accreverunt
404 591 594 693 Victisqua
619 591 765 694 pueris,
790 591 849 664 ita
867 615 929 664 eos
953 586 1198 691 compellave-

134 726 238 786 runt:
284 690 512 792 Provocastis
523 765 535 804 ,
570 710 698 813 pueri,
738 705 925 811 Nymphas
956 707 1196 845 Epimelides:

136 831 234 930 Ergo
259 829 476 922 vaecordes,
502 829 594 905 victi
618 828 753 904 dabitis
778 853 923 930 poenas.
949 829 1130 929 puerique
1154 854 1200 903 eo

137 974 213 1050 quo
240 950 476 1024 constiterant
498 947 605 1042 loco,
631 946 679 1021 ad
703 945 960 1048 Nympharum
983 945 1171 1042 sonum,
1152 974 1199 1027 a

137 1067 290 1147 arbores
313 1081 398 1140 sunt
422 1070 572 1144 mutati:
598 1063 783 1167 hodieque
808 1065 1006 1141 exauditur
1031 1091 1109 1141 vox
1131 1091 1197 1141 no-

140 1200 216 1261 ctu
229 1211 280 1259 ax
303 1185 419 1280 sylva,
444 1186 568 1263 veluti
583 1184 810 1263 eiulantium.
858 1185 961 1263 Laco
985 1195 1134 1263 nomm
1141 1199 1198 1263 aad

136 1302 391 1406 Nympharum
416 1320 452 1378 et
475 1328 683 1406 puerorum.
999 1350 1003 1359 ·

120 1517 122 1522 .
235 1423 328 1499 Car.
347 1425 507 1499 XXXIL
533 1427 736 1524 &Dryope
769 1428 829 1500 De
848 1421 955 1499 libro
952 1421 1081 1524 primo
1098 1421 1196 1498 ciue

138 1543 233 1623 dem
284 1544 429 1645 Dryops
454 1539 625 1645 Sperchii
648 1541 754 1616 fluvu
776 1542 816 1617 Ε
843 1567 893 1620 ex
901 1541 1100 1638 Polydoro,
1125 1567 1197 1619 una

134 1662 256 1736 Danai
273 1661 448 1756 filiarum,
473 1687 629 1762 regnum
647 1659 807 1740 obtinuit
829 1662 872 1736 in
898 1659 1005 1737 Octa:
1031 1663 1197 1739 unicam-

137 1806 209 1880 que
233 1777 366 1855 habuit
389 1781 505 1856 filiam
521 1782 707 1880 Dryopen,
733 1803 826 1879 quae
851 1781 964 1882 patris
985 1805 1116 1881 greges
1132 1806 1197 1883 pa-

136 1897 273 1974 scebat.
317 1899 391 1974 Sed
417 1925 501 1974 cum
527 1924 607 1974 eam
631 1924 774 1973 summo
800 1923 909 1999 opere
935 1914 1098 1974 amarem
1121 1901 1208 1975 Hu-.

134 2017 350 2113 mndryadas
367 2015 562 2121 nymphae,-
579 2042 800 2118 suorumque
816 2018 981 2091 locorum
994 2023 1033 2112 *)
1059 2019 1198 2094 sociam

134 2135 391 2230 adscivissent,
426 2136 705 2238 docuissemque
739 2135 964 2212 carminibus
988 2135 1076 2210 deos
1104 2137 1198 2212 cele-

133 2253 257 2349 brare,
278 2270 319 2333 et
343 2253 474 2331 choros
500 2256 653 2331 ducere:
676 2255 809 2358 Apollo
835 2279 879 2348 ea
903 2255 996 2349 visa,
1020 2255 1198 2331 concubi·

115 2387 194 2477 ltus
221 2400 306 2449 oum
327 2400 385 2450 ea
400 2375 510 2451 ardor
533 2375 656 2477 ipsum
679 2375 838 2450 incessit
883 2375 1010 2473 Itaque
1035 2377 1197 2478 primum

134 2518 172 2565 se
198 2493 239 2567 in
270 2493 490 2571 testudinem
522 2493 718 2580 convertit:
762 2517 873 2593 quam
905 2514 1010 2586 cum,
1042 2507 1085 2566 ut
1117 2520 1205 2569 rem

133 2609 326 2706 ludicram,
351 2615 498 2715 Dryope
524 2609 789 2714 Nymphaeque
814 2624 1023 2704 tractarent,
1047 2611 1197 2713 Dryope

134 2754 216 2811 eam
235 2731 352 2804 ‚etiam
375 2731 416 2803 in
441 2732 563 2804 sinum
588 2729 771 2821 conderet,
797 2729 842 2802 de
864 2729 1044 2804 testudine
1062 2729 1195 2831 Apollo

133 2848 175 2918 in
199 2871 356 2946 anguem
380 2847 540 2923 transiit:
576 2849 702 2948 itaque
728 2872 810 2921 eam
834 2845 1024 2949 Nymphae
1049 2849 1197 2927 territae

135 2962 393 3058 deseruerunt,
423 2965 556 3067 Apollo
583 2960 667 3042 cum
691 2968 840 3067 Dryope
864 2993 944 3040 rem
967 2965 1092 3042 habet.
1139 2967 1198 3041 Ea

133 3098 255 3159 autem
278 3101 396 3170 metus
421 3084 531 3186 plena
554 3085 596 3158 in
621 3084 770 3159 domum
793 3086 908 3187 patris
934 3085 1112 3186 confugit,
1137 3087 1198 3171 ni-

133 3198 262 3303 hilqua
287 3202 502 3304 parentibus
534 3228 578 3277 ea
608 3203 657 3278 da
688 3229 730 3279 re
761 3203 950 3279 indicavit.
999 3206 1086 3280 Post
1112 3231 1200 3281 cum

134 3345 215 3394 eam
245 3319 479 3396 Andraemon
514 3321 630 3418 Oxyli
662 3321 700 3397 F.
734 3322 921 3417 duxisset,
956 3349 1114 3426 puerum
1135 3351 1199 3399 cx-

134 3437 304 3539 Apolliue
330 3455 546 3542 conceptum
568 3441 686 3542 parit,
714 3439 964 3545 Amphissunr.
1012 3443 1091 3522 Hic,
1111 3468 1198 3517 oum

134 3555 282 3631 virilem
308 3572 462 3633 aetatem
487 3559 675 3659 attigisset,
701 3559 871 3633 omuibus
893 3560 1106 3662 praevaluit.
1131 3587 1202 3635 ιιι-ι

132 3670 290 3775 benique
308 3675 355 3751 ad
374 3676 504 3753 Oetam
519 3677 695 3772 condidit,
713 3679 829 3763 monti
845 3679 909 3753 isti
928 3682 1197 3780 cognominem,

1 3782 2 3786 ¹
132 3792 260 3894 ibique
293 3797 468 3898 regnavit.
520 3797 646 3871 Posuit
678 3810 714 3871 et
745 3796 910 3899 Apollini
941 3801 982 3874 iu
1005 3801 1197 3901 Dryopirle

134 3929 334 3946 ῃ

173 3994 205 4085 *)
226 4000 319 4063 Scrib.
338 4001 485 4064 ludorum
497 3995 644 4065 ‘snorum
680 4003 824 4067 Frondem
846 4005 910 4065 sine
929 4003 1018 4066 dubio
1039 4005 1108 4067 Viro
1130 4009 1198 4066 Do-

230 4087 358 4148 etissimo
386 4089 554 4170 typothetae
580 4090 720 4154 lecerunt.
758 4095 890 4152 Muncn.
954 4091 1065 4154 Multo·
1081 4093 1200 4154 minore

230 4174 393 4239 mundone
410 4196 484 4238 oorr.
500 4194 688 4257 suorumque
709 4181 857 4241 iocorum.
