2648 4792
80 315 82 318 .
189 261 233 330 86

160 502 162 507 .
196 452 272 511 rata
295 435 443 521 Hecate,
458 461 610 509 sacram
636 433 709 507 sibi
735 458 818 506 eam
836 436 1041 509 ministram
1056 432 1302 515 constituit.¹

198 556 374 629 Hercules
399 582 546 656 qnoque
571 553 740 646 adultus,
775 577 916 636 memor
940 551 1139 647 beneficii,
1155 555 1265 674 inputa

200 675 328 764 aedem
352 677 390 749 ei
413 675 589 749 sacellum
607 672 811 765 collocavit,
837 698 988 773 remque
1006 698 1147 747 sacram
1161 638 1263 751 seuit

201 818 294 893 quae
321 795 519 873 etiamnum
545 792 740 867 observant
766 789 957 867 Thebani:
984 807 1020 867 et
1045 807 1128 868 ante
1153 791 1269 879 ferias

202 912 385 998 Herculis,
413 913 551 1013 primae
577 907 806 986 Galinthiadi
831 909 1109 987 sacrificant.

236 1032 394 1106 Cir
420 1031 548 1105 XXX.
597 1027 769 1105 Biatia.
819 1029 861 1102 In
880 1028 985 1103 Creta
1010 1033 1075 1126 (ut
1088 992 1143 1105 est
1169 1000 1268 1123 eius·

175 1148 290 1225 'deur
323 1148 453 1250 Operis
485 1149 585 1223 libro
595 1148 777 1233 weundo
809 1147 1002 1244 traditum)
1035 1149 1187 1235 Miletus
1216 1173 1268 1241 ax

205 1267 456 1368 Apollinisqet
486 1267 708 1351 Aeacallidis
740 1272 858 1366 (quae
883 1269 1020 1341 Minois
1053 1284 1131 1344 erat
1161 1266 1266 1371 filia.)

209 1413 405 1487 congressu
438 1403 493 1463 est
524 1404 640 1465 natus.
674 1412 759 1461 eum
790 1400 905 1475 mater
929 1387 1069 1467 Minois.
1095 1402 1200 1463 metu
1214 1389 1269 1478 in

206 1505 351 1599 sylvam
375 1509 563 1608 exposuit:
600 1507 668 1582 ubi
701 1533 785 1580 eum
817 1505 899 1606 lupi
923 1500 1268 1587 accedentes-iussu

208 1624 390 1724 Apollini-s
416 1627 710 1720 custoditorum,
746 1651 790 1699 ac
814 1650 881 1725 per
905 1626 1005 1713 uices
1030 1626 1267 1716 laetaremini.

207 1742 349 1835 Deinde
366 1744 523 1827 bubulci
541 1747 833 1847 supervenientes
856 1742 1089 1838 sustulerunt,
1109 1770 1154 1831 ac
1170 1746 1270 1829 domi

209 1887 296 1937 suaa
320 1865 597 1945 enutriretuut..
633 1865 728 1939 Puer
753 1878 794 1938 ut
818 1861 998 1956 adolevit,
1024 1862 1269 1964 1111111111-

209 2007 376 2083 nuusque
403 1986 532 2058 evasit:
557 1983 748 2082 Minosque
774 1981 956 2057 desiderio
981 1983 1161 2084 impulsus
1187 2012 1271 2069 eum

210 2101 347 2187 uiolare
372 2102 538 2177 intendit.
572 2102 630 2179 ibi
661 2117 742 2175 tum
765 2101 912 2177 Miletus
938 2116 1049 2175 noctu
1074 2123 1268 2185 conscenso

210 2219 346 2316 lembo,
373 2222 580 2306 eorsrrlente
606 2220 826 2322 Sarpedone,
851 2221 892 2294 in
918 2220 1063 2295 Cariam
1084 2221 1269 2323 profugit:

212 2339 378 2440 urbeque
396 2341 460 2438 ibi
483 2342 610 2419 Mileto
636 2340 794 2434 condita,
819 2336 1037 2414 Eidotheam
1052 2340 1189 2435 Euryti
1204 2343 1271 2419 ce

213 2485 296 2533 rum
320 2462 419 2561 regis
442 2461 557 2535 filiam
589 2461 629 2534 in
661 2459 936 2534 matrimonium
966 2458 1085 2535 ducit:
1120 2461 1269 2561 natique

213 2595 296 2653 suut
310 2581 347 2653 ei
362 2581 501 2681 gemini
519 2580 643 2664 liberi,
663 2579 808 2653 Caunus
826 2593 862 2653 et
878 2577 1010 2671 Biblis,
1029 2578 1126 2653 unde
1141 2580 1270 2653 etiam-

212 2722 300 2769 num
333 2713 418 2771 sunt
443 2699 588 2778 Caunus
621 2711 658 2770 ot
682 2697 801 2770 Biblis
821 2695 953 2770 ‘Cariae
978 2697 1099 2773 urbes.
1152 2698 1271 2777 Bibli-

212 2814 297 2889 dem
311 2816 419 2890 multi
432 2817 635 2897 incolarum
649 2815 891 2900 ambiverunt,
919 2831 954 2890 et
971 2818 1092 2916 quiin
1111 2818 1269 2894 circum-

210 2934 416 3009 iacentibus
445 2935 600 3010 urbibus
624 2935 750 3035 magni
768 2949 886 3009 essent
905 2936 1073 3010 nominis.
1126 2936 1269 3030 Quibus

191 3054 278 3129 illa
304 3053 411 3129 saeile
438 3055 581 3157 spretis,
606 3053 757 3128 infando
782 3077 904 3127 amore
924 3055 1087 3129 Caunum
1104 3056 1271 3158 deperire

214 3175 321 3275 cepit.
348 3175 414 3274 qui
438 3173 600 3267 morbus,
627 3172 791 3273 quandiu
808 3200 893 3247 eum
909 3174 990 3276 ipsa
1005 3174 1189 3249 occultare
1204 3201 1271 3277 po-

213 3294 306 3387 tuit,
341 3292 475 3366 fefellit
507 3308 684 3394 parentes.
737 3291 830 3367 Cum
855 3319 941 3366 vero
976 3293 1017 3367 in
1050 3293 1127 3368 dies
1153 3296 1271 3396 magis

212 3428 360 3512 urgeret
382 3412 500 3487 malus
525 3413 671 3512 genius,
706 3427 819 3487 noetu
851 3413 977 3487 statuit
1009 3439 1048 3487 se
1081 3413 1204 3514 ipsam
1227 3412 1272 3488 de

213 3557 303 3606 saxo
328 3532 564 3633 praeeipitem
590 3531 694 3607 dare:
730 3554 775 3606 ae
799 3529 847 3605 ad
871 3532 1084 3632 proximum
1108 3533 1274 3632 digressa

212 3665 384 3745 montem,
409 3650 534 3725 adorta
554 3665 607 3725 est
625 3678 702 3726 sese
719 3651 968 3752 praecipitare.
995 3649 1189 3752 Nymphae
1207 3677 1273 3725 au-

211 3785 287 3843 tern
311 3772 480 3845 misertas
506 3796 587 3843 eam
622 3771 869 3847 detinuerunt:
905 3771 1094 3872 multoque
1126 3773 1272 3846 incusso

213 3912 352 3984 somno,
376 3890 423 3965 de
448 3889 595 3964 mortali
618 3889 862 3965 immortalem
885 3890 1125 3991 redegerunt,
1150 3890 1273 3965 Bibli-

213 4006 299 4084 dem
330 3998 531 4110 nympham
555 4009 850 4106 Hamadryadem
882 4011 1124 4085 nominantes:
1161 4009 1274 4109 inque

216 4154 330 4203 suum¹
347 4126 565 4205 sodalicium
590 4145 627 4205 et
645 4128 922 4207 contubernium
941 4129 1181 4205 adsciverunt.
1210 4129 1276 4204 Li-
