2648 4792
1143 307 1185 373 tl

126 488 280 583 Lyciam
304 485 423 580 venit,
455 478 695 571 infantesfad
718 479 868 573 lavacra
885 477 1033 577 Xanthi.
1051 508 1185 586 appor-

125 623 217 682 tans.
256 605 418 704 Cumque
436 603 598 705 primum
613 623 696 675 cam
714 599 1121 701 regionemattigisset,
1137 608 1188 707 ,io

127 725 279 805 Meliten
301 723 441 798 sontem
465 708 614 797 incidit:
651 710 849 816 statuitque
872 716 932 793 ihi
948 717 1104 811 abluere
1129 724 1189 799 in-

129 843 257 939 fantae,
272 858 467 942 antequam
479 841 528 916 ad
539 834 733 917 Xanthum
750 837 976 938 pertigisset,
994 839 1068 929 Sed
1083 844 1190 943 pulpa

129 963 215 1037 inde
231 986 264 1043 ‚a
288 961 517 1064 pastoribus,
557 959 625 1058 qui
656 983 701 1033 eo
726 972 855 1058 pamm
878 956 992 1050 bovas
1018 962 1189 1061 egissent,

130 1080 306 1156 discessit
352 1081 453 1182 Lupi
474 1094 598 1155 autem
622 1072 914 1172 obviamglaeti,
940 1078 986 1169 ct]
1001 1078 1190 1169 adulantes

131 1202 234 1296 deae,
259 1225 375 1300 usque
401 1199 448 1277 ad
469 1222 616 1291 amnem
631 1186 825 1289 Xanthum
848 1197 1090 1291 ductores-se¹
1106 1203 1189 1290 viae

130 1318 388 1422 praebuerunt
445 1319 535 1405 Eius
556 1341 723 1416 aquam..
733 1341 834 1408 cum:
848 1315 1009 1409 bibisset
1018 1370 1021 1377 -
1035 1319 1189 1408 Latona,

129 1439 359 1537 infantesque
378 1436 569 1532 abluisset,
590 1433 784 1527 Xanthum
799 1426 976 1537 sponna,
983 1457 1189 1530 moserata
1288 1514 1292 1529 ,

131 1574 252 1633 terrae
287 1571 427 1652 autem,
469 1581 563 1656 quae
603 1569 692 1643 tum-
716 1555 888 1647 Trimilis
906 1608 909 1615 -
924 1557 1191 1658 appellabamus,

130 1676 269 1770 Lyciae
285 1700 419 1759 noman
436 1676 549 1770 iecit„
564 1700 586 1763 a
600 1674 711 1777 lupis,
734 1676 812 1776 qui-
829 1676 929 1765 uiam
953 1679 1192 1777 praeiverant,

132 1797 292 1871 Rursum
316 1794 448 1870 deinde
474 1793 522 1869 ad
545 1793 685 1886 sontem
698 1795 882 1901 pervenit,
907 1797 1129 1897 supplicium
1145 1792 1193 1877 de

133 1910 340 2016 pastoribus
364 1929 539 2009 sumtum,
564 1914 631 2013 qui
655 1911 927 2002 adhuc-‚bobus
943 1900 1194 2019 lavandisihi

134 2032 322 2111 surmont.
362 2034 443 2109 =Eos
476 2033 546 2119 dea
577 2034 768 2113 universos
798 2036 968 2121 merenas
992 2018 1192 2125 mavortii}

104 2195 107 2202 ·
133 2154 319 2254 tergisque
343 2168 381 2227 et
403 2149 580 2233 humeris·
599 2177 728 2254 aspero
758 2152 883 2254 lapide
914 2158 1117 2256 percussis,
1152 2161 1195 2257 in

134 2270 275 2346 fontem
291 2273 465 2365 coniecit,
486 2274 699 2371 victumque
715 2271 757 2345 in
774 2272 881 2370 aquis
897 2274 1075 2351 attribuit.
1091 2278 1194 2378 iique

134 2391 332 2465 etiamnum
341 2390 437 2491 apud
445 2415 568 2465 amnes
575 2388 775 2491 etpalttdes
780 2389 1036 2479 ¹uociferantur.
1051 2398 1195 2481 Narra.-

133 2507 191 2582 tio
210 2505 679 2585 estMenecratisthtii
694 2505 735 2597 in
742 2506 929 2608 Lyciaois,
948 2509 1194 2601 etNiocndra',

241 2627 532 2715 cmxxxvi,
588 2627 896 2716 Pandemos„
942 2630 1197 2734 lovem„·quo

137 2764 301 2849 tempore
337 2772 422 2821 eum
445 2761 547 2823 metu
571 2747 721 2829 Saturni
743 2743 910 2823 Rhea-in
935 2775 1096 2851 specum·
1111 2753 1198 2839 Gne·

135 2883 275 2941 tensem
290 2864 447 2961 abdidit,
471 2864 637 2968 praebita
651 2867 911 2951 mammadex
936 2865 1197 2973 (capramzvox

137 2987 255 3081 sonat)
288 2984 450 3087 nympha
483 2985 591 3060 aluit:
626 3008 782 3086 eamque
805 2984 929 3065 Rheae
960 2990 1069 3096 iussn
1096 2995 1196 3077 oanis

137 3132 269 3180 aureus
311 3105 516 3181 custodiuit.
577 3104 719 3205 Jupiter
759 3120 957 3206 postquam
995 3109 1195 3197 Titanibus

138 3225 255 3328 pulsis
281 3216 436 3299 Saturn'o
460 3248 615 3324 regnum
640 3222 793 3319 ademit,
817 3226 957 3327 Aegem
979 3227 1199 3305 immortali-

139 3359 213 3420 tate
231 3342 392 3439 donavit,
410 3344 542 3419 eteius
558 3343 681 3442 imago
706 3357 809 3418 extat
832 3345 873 3418 in
898 3347 1020 3422 astris:
1047 3373 1199 3433 aureum
1222 3418 1228 3433 ,

140 3478 263 3538 autem
289 3487 415 3538 canem
437 3461 566 3563 templi
590 3461 770 3543 Cretensis
801 3465 996 3551 custodiae
1011 3467 1197 3568 pmeseoit.

141 3583 250 3658 Hunc
275 3579 471 3657 suffuratus
497 3581 704 3656 Pandareus
723 3582 884 3684 Meropis
901 3583 941 3658 F.
967 3585 1008 3659 in
1027 3585 1200 3688 Sipylum

143 3700 322 3795 abduxit,
355 3699 702 3799 custodiendumque
727 3699 829 3775 dedit
854 3700 1011 3777 Tantalo
1034 3699 1138 3777 'lovis
1162 3720 1200 3783 et
1294 3734 1297 3739 ⁴

141 3821 269 3896 Plutus
283 3819 323 3894 F.
359 3817 452 3894 Cum
475 3834 595 3894 autem
618 3819 803 3919 aliquanto
829 3836 911 3921 post
927 3838 1091 3924 tempore
1104 3824 1200 3898 Pan-

144 3940 273 4015 dareus
298 3940 339 4012 in
364 3936 533 4040 Sipylum
556 3940 727 4033 venisset,
754 3965 953 4040 canemque
978 3959 1200 4044 reposceret:

144 4058 325 4134 Tantalus
351 4056 554 4160 dopositum
579 4058 745 4133 eiurarit
781 4059 1010 4136 Pandareum
1029 4087 1116 4165 ergo
1135 4065 1200 4137 Ju-

145 4178 256 4278 piter,
280 4192 427 4281 propter
449 4177 601 4271 lurtum,
626 4177 667 4251 in
686 4201 904 4274 saxum-eo
929 4182 1010 4284 ipso
1030 4208 1105 4285 quo
1130 4197 1202 4257 sta-
