2632 4794
135 507 219 586 clas·
235 501 430 591 coxerunt:
457 500 617 604 cumque,
638 500 765 583 Aaron
780 480 904 578 eiciam
930 496 994 578 suo
1013 491 1198 581 uacuas-

137 644 215 724 set,
238 642 280 704 ut
303 608 568 722 Polytechnum
591 648 652 696 eas
677 622 821 698 iuberet
845 622 972 719 edere,
997 623 1084 725 ipsa
1112 626 1199 698 cum

138 713 262 828 sorore
286 745 333 819 ad
357 759 498 846 patrem
520 741 748 817 Pandareum
771 744 957 844 pervenit,
991 742 1199 817 indicavit·

137 891 212 966 que
236 865 278 940 in
302 887 392 964 quas
417 860 620 935 devenisset
642 862 817 937 miserias.
856 859 1110 958 Polyteclmus
1139 886 1199 937 co-

138 984 254 1085 gnito,
279 1007 319 1056 se
343 980 413 1053 lilii
436 979 495 1052 sui
520 1004 645 1054 carues
670 979 800 1075 edisse,
825 1004 883 1054 aas
904 980 952 1053 ad
968 995 1121 1082 patrem
1136 996 1197 1055 ue·

139 1127 212 1202 que
236 1101 420 1174 insecutus
433 1112 509 1172 est.
545 1098 594 1172 dt
617 1098 749 1173 famuli
767 1099 946 1173 Pandarei
969 1104 1069 1185 eum,
1098 1097 1198 1200 quod

137 1235 280 1294 tantum
303 1217 465 1302 familiae
487 1216 667 1293 Pandarei
690 1216 867 1318 probrum
891 1216 1089 1311 intulisset,
1119 1242 1196 1292 cur·

137 1353 284 1440 neptum
307 1335 499 1410 insolubili
521 1335 669 1410 uinculo
691 1338 956 1412 constrinxere:
985 1340 1193 1437 corpusque

138 1457 249 1532 melle
273 1457 476 1550 inunctum,
500 1455 541 1529 in
555 1480 740 1558 pascuum
751 1455 994 1557 proiecerunt.
1021 1455 1191 1533 ubinam

139 1600 287 1652 muscae
311 1575 516 1650 adsidentes
541 1552 626 1648 eum
647 1573 874 1670 divexarent,
898 1572 1102 1649 Addonob
1120 1576 1190 1678 pri:

140 1695 275 1770 stiuam
297 1694 468 1768 miserata
499 1693 718 1787 amicitiam,
749 1716 810 1766 eas
845 1691 1031 1794 abigebat.
1086 1691 1190 1790 (laod

139 1839 226 1886 cum
250 1811 593 1915 depraehendissent
611 1825 778 1915 parentes
795 1825 832 1886 et
846 1808 970 1907 frater,
995 1812 1087 1887 odio
1108 1839 1188 1890 con-

140 1932 243 2005 citati
267 1956 349 2004 eam
373 1946 575 2007 statuerunt
597 1931 811 2005 interficere.
846 1928 918 2003 Sed
933 1932 1081 2033 Jupiter
1096 1935 1187 2008 Pan-

137 2049 292 2123 darenm
314 2049 523 2143 miseratus,
548 2064 742 2150 antequam
760 2048 802 2123 in
826 2047 976 2124 domum
1000 2052 1085 2125 eius
1112 2077 1188 2154 gra-

139 2167 245 2241 viora
260 2167 464 2244 inciderent
479 2167 589 2263 mala,
614 2193 676 2242 eos
693 2191 816 2242 omnes
831 2167 872 2240 in
888 2192 973 2242 aves
990 2173 1185 2246 convertit:

138 2287 393 2387 quaepurtim
419 2287 467 2362 ad
491 2313 592 2363 mare
622 2311 738 2386 usque
770 2281 1023 2388 prorolarunt,
1057 2292 1186 2391 partim

136 2403 177 2484 in
202 2411 326 2479 adrem
354 2406 602 2482 subvolas-unt.
654 2403 861 2481 Pandareus
879 2420 1046 2481 mutatus
1073 2410 1186 2485 estin

134 2517 370 2620 haliaeetum,
394 2541 510 2600 mater
524 2524 729 2620 attonat)
755 2524 796 2597 in
813 2520 1021 2618 alcyonem:
1048 2530 1186 2603 statim-

135 2667 210 2737 qne
234 2668 274 2715 se
298 2644 339 2715 in
363 2668 463 2717 mare
487 2644 682 2716 voluerunt
705 2641 874 2738 deiicere,
899 2641 963 2717 sed
978 2644 1130 2747 Jupiter
1150 2645 1184 2720 id

134 2755 337 2856 prohibuit.
363 2775 475 2860 atque
496 2757 566 2834 hae
589 2785 673 2833 aves
688 2760 940 2861 navigantibus
958 2777 1046 2836 sunt
1062 2791 1184 2840 secuu-

134 2873 215 2949 dae.
265 2876 508 2972 Polytechnns
532 2878 573 2952 in
597 2878 806 2980 pelecanem
829 2881 991 2976 uansiit,
1025 2883 1184 2982 quodsi

134 2992 331 3073 Vulcanus
344 2994 569 3074 fabrificanti
599 2997 757 3073 secumm
789 2994 964 3093 dedisset,
999 3015 1117 3101 atque
1147 3027 1181 3076 ea

132 3111 216 3217 avis
236 3111 352 3187 labris
377 3115 456 3190 visa
480 3115 606 3199 fausta¹
623 3130 688 3190 est.
726 3115 853 3191 Frater
875 3118 1036 3193 didonis
1061 3145 1181 3224 upupa

134 3228 269 3323 extitit,
293 3254 388 3331 quae
411 3233 491 3307 avis
514 3235 800 3335 terramarique
819 3252 875 3311 est
893 3238 1102 3340 auspicata:
1127 3239 1180 3312 id-

133 3369 206 3443 que
230 3349 366 3448 magis‚
397 3351 431 3425 si
455 3341 689 3455 coniungitur
712 3352 911 3451 haliaeem,
939 3371 1002 3431 ant
1026 3357 1178 3454 alcyoui

130 3461 277 3560 aedon,
313 3491 407 3568 quae
431 3483 487 3545 est
510 3471 683 3567 luscinia,
720 3474 859 3550 aucum
892 3474 1023 3549 fluvios
1057 3491 1096 3551 et
1119 3503 1180 3551 ne-

129 3604 233 3660 mora
256 3582 375 3659 lilium
391 3588 473 3682 Ityn
496 3587 670 3690 deplorat.
705 3589 915 3667 Chelidonis
936 3590 1101 3668 hirundo
1126 3595 1179 3668 fa-
1220 3630 1222 3645 1

129 3714 188 3773 cta
204 3716 288 3797 est,
313 3701 505 3779 hominum
529 3707 816 3806 contuhemalis‚
841 3710 980 3786 Dianae
1005 3712 1177 3788 consilio:

107 3816 229 3912 'quod
253 3821 369 3896 invita
393 3823 642 3924 virginitatem
666 3827 856 3923 amittens,
888 3830 1092 3930 plurimum
1122 3834 1179 3906 in-

126 3951 289 4011 vocasset
301 3939 468 4019 Dianam.
499 3941 693 4020 Nicander
714 3944 809 4023 libro
818 3952 1090 4047 Alleralorum.
1098 3961 1175 4027 ier*
1220 4052 1222 4059 Ι

129 4084 329 4104 .........
496 4080 521 4121 ‚ss

113 4204 115 4210 ·
165 4171 191 4252 *)
212 4172 363 4256 Xylander
379 4179 411 4239 iu
430 4182 539 4247 Erratis
559 4185 684 4249 comsit
697 4184 820 4255 Aedos.
