2632 4794
114 1205 499 1316 Ἑτεροιουμένων]
539 1223 706 1293 cauabant
734 1227 827 1289 verba
853 1248 897 1291 ex
918 1204 1110 1293 Aninadvv.¹
1127 1209 1168 1293 ad

104 1327 304 1401 Athenaeum
325 1317 377 1386 lib.
397 1319 465 1397 vn,
483 1337 547 1399 cap.
568 1313 744 1380 tntaeen
765 1335 826 1387 nou
846 1336 985 1397 possum,
1002 1316 1169 1396 ‚quinlhuc
1232 1371 1237 1397 ,

112 1411 298 1472 transferam.
348 1402 424 1480 Quia
447 1417 562 1481 tamen,
597 1401 710 1485 iuquit,
738 1403 901 1483 Eurupiaca
928 1404 1069 1465 Nicandri
1096 1427 1171 1467 nus-

115 1517 207 1576 quam
229 1493 434 1570 nominantur,
464 1502 494 1552 et
524 1502 611 1570 turpe
640 1487 769 1548 estsine
794 1487 860 1570 lege
889 1487 988 1568 loqui,
1017 1489 1171 1554 scritate

115 1582 212 1663 τρίτῳ
230 1573 494 1661 Ἑτεροιουμένων.
528 1579 603 1636 cum
621 1574 700 1634 enim
719 1573 756 1634 de
772 1572 876 1636 Glauci
893 1578 1055 1653 minatione
1074 1598 1171 1641 ammo

112 1670 172 1744 sit,
196 1667 307 1749 optime
328 1676 501 1746 argumento
521 1661 661 1745 convenit
680 1659 749 1719 libri
771 1661 876 1738 index,
894 1662 942 1739 ΥιΙε
963 1665 1004 1722 r't's
1027 1668 1083 1743 qnt
1103 1684 1173 1725 mrt-

115 1757 180 1813 tati
200 1765 273 1814 cunt
294 1749 388 1834 (quod
406 1742 526 1832 probo).
568 1750 679 1809 Poena
699 1759 758 1806 erat
778 1747 876 1809 simile
896 1749 1058 1809 Ouidianae
1080 1765 1173 1811 meta-

117 1839 283 1921 morphosi.
325 1839 399 1898 Eius
420 1839 528 1899 iterum
554 1833 691 1895 meminit
720 1832 890 1895 Athenaeus
917 1833 977 1896 hoc
1004 1835 1091 1898 libro.
1134 1843 1174 1900 Et

116 1925 229 1988 multos
250 1922 400 2003 hodieque
420 1942 527 1984 versus
553 1918 623 1983 inde
644 1932 758 1980 sumtus
785 1918 881 2002 legere
903 1935 948 1983 est
977 1922 1055 2002 apud
1076 1925 1174 1985 Anto-

118 2012 204 2074 nium
224 2008 407 2086 Liberalem,
437 2021 466 2091 et
487 2005 572 2071 alios.
614 2011 693 2067 Haec
719 2001 771 2066 ille
791 1999 979 2090 noivihcmp.
1022 2009 1128 2070 Etiam.
1142 2011 1175 2072 in

119 2097 254 2159 indiculo
273 2109 445 2172 auctorum,
468 2095 520 2175 qui
541 2094 856 2154 Animadversionibus
876 2094 1087 2176 subiungitur,
1104 2096 1177 2156 An·

120 2189 226 2242 tonina
253 2182 344 2243 audit.
387 2186 463 2243 Nota
483 2181 648 2241 Antonium
675 2201 692 2238 a
719 2181 988 2256 caenomanici,
1017 2194 1046 2241 at
1071 2203 1175 2245 versus
1257 2179 1261 2189 ⁸

121 2268 260 2330 Nicandri
290 2270 326 2327 ab
349 2265 403 2327 illo
430 2265 549 2329 adduci.
591 2270 636 2325 De
662 2266 800 2325 versibus
827 2287 844 2324 a
872 2265 1001 2326 Liberali
1031 2267 1176 2347 adductis,

121 2355 204 2435 quod
227 2354 421 2429 ait,⁸miror.
463 2349 646 2413 Alterutrum
671 2371 790 2410 necesse
815 2363 877 2428 eat,
905 2373 1012 2413 verum
1039 2355 1096 2430 sit,
1127 2371 1178 2416 aut

122 2442 236 2516 alium,
260 2460 346 2518 quam
367 2438 418 2498 hic
440 2451 501 2515 est,
523 2437 625 2498 aviro
645 2457 752 2518 magno
773 2437 875 2497 virum
896 2437 1024 2515 librum,
1046 2455 1095 2500 aut
1117 2463 1179 2503 non

121 2526 314 2606 respondisse
336 2525 362 2585 ei
385 2524 569 2586 memoriam.
623 2523 710 2598 Quod
732 2521 769 2582 ad
791 2543 900 2584 nomen
920 2527 1045 2587 Antonii
1067 2529 1178 2606 attinet,

120 2611 383 2694 persuasissimum
404 2610 517 2687 haheo,
539 2606 615 2670 illud
637 2630 698 2671 non
717 2630 735 2668 t
757 2611 945 2686 casaubono,
968 2613 1020 2674 sed
1043 2596 1181 2674 ab⁵osci·

122 2713 205 2760 tante
232 2719 297 2758 esse
325 2696 490 2778 typotheta.
532 2695 644 2756 Pariter
669 2694 779 2756 vitiose
807 2695 860 2758 lib.
876 2688 958 2759 XIII.
986 2719 1049 2777 cap.
1069 2705 1099 2761 8.
1138 2706 1180 2762 Μ.

124 2786 276 2846 Antonius
303 2783 410 2845 dicitur
431 2788 593 2863 Imperator
617 2779 685 2856 ille,
715 2782 767 2861 qui
791 2803 830 2842 ex
857 2781 1062 2864 philosophiae
1081 2788 1180 2846 studio

123 2870 301 2954 philosophi
321 2871 439 2931 invenit
456 2889 630 2952 cognomen.
663 2868 779 2949 Diserte
796 2867 849 2930 lib.
869 2874 923 2933 IX.
946 2892 1008 2950 cap.
1029 2876 1079 2930 11.
1107 2873 1181 2931 An-

125 2961 270 3018 toninum
288 2955 452 3017 Liberalem
474 2977 541 3016 cum
568 2953 738 3033 Xylaudra,
767 2975 829 3015 nou
850 2955 1025 3016 Antonium
1053 2956 1183 3037 appellat

123 3043 212 3103 hunc
238 3042 419 3121 scriptorem.
446 3047 578 3104 Muscrt.
606 3037 666 3118 [ad
687 3061 752 3122 cap.
774 3039 859 3120 38.].
883 3042 1003 3117 ldem,
1038 3045 1124 3124 quod·
1146 3043 1183 3102 de

123 3128 267 3190 Antonii
288 3139 317 3186 et
337 3128 493 3187 Antonini
518 3127 691 3188 confusione
717 3139 800 3188 notat
828 3127 1025 3202 Munclrerus,
1064 3129 1097 3187 in
1128 3129 1182 3188 hac

125 3233 208 3276 voce
227 3212 400 3274 notandum.
437 3199 659 3295 Ἕτεροῦμενοι,
687 3211 926 3292 Tianaformeti,
950 3227 977 3272 et
995 3203 1182 3294 ‘Lhmpotori-

125 3317 227 3376 μετα,
253 3299 410 3356 mutantia
440 3317 519 3372 cese,
547 3312 696 3378 tamquam
718 3298 851 3379 diversa.
865 3300 1005 3365 Nicandri
1035 3321 1123 3380 opera
1152 3302 1184 3360 in

129 3383 238 3446 eodem
256 3382 402 3442 Athenaei
422 3382 520 3444 indice
541 3382 688 3465 leguntur.
725 3370 975 3464 Ἕταιροιοῦμὲτα
997 3387 1089 3446 multa
1111 3382 1186 3446 ali·

126 3491 202 3534 rum
224 3467 290 3529 loca
310 3468 483 3547 occupavit,
513 3469 613 3531 ubivis
633 3471 694 3531 fere
713 3490 730 3527 a
749 3470 828 3529 Viris
848 3474 885 3530 tt.
904 3470 964 3529 iam
987 3473 1184 3548 emendatum,

129 3554 283 3618 Harduin.
309 3552 348 3613 ad
367 3551 447 3615 Plin.
467 3557 507 3617 Τ.
524 3559 550 3617 I.
567 3577 635 3638 pag.
657 3561 709 3616 63.
731 3566 787 3615 etc.
824 3559 909 3617 Voss.
935 3557 967 3616 in
988 3561 1065 3618 Hist.
1079 3563 1187 3623 ¹Graec.

125 3643 191 3704 lib.
213 3645 263 3703 tv.
292 3661 355 3721 cap.
379 3642 430 3701 14.
458 3641 509 3720 qui
531 3661 549 3701 a
568 3641 730 3703 Munchero
755 3638 844 3702 modu
869 3642 998 3702 adducta
1024 3642 1187 3722 plurimum

126 3727 294 3811 praecepit.
336 3722 485 3789 Hoelzlin.
506 3726 542 3788 ad
561 3725 661 3808 Apoll.
677 3725 774 3787 Rhod.
793 3722 845 3788 lib.
863 3730 887 3788 1.
904 3749 940 3790 v.
953 3733 1046 3790 1236.
1068 3729 1189 3790 Manch.

131 3817 175 3873 ad
197 3813 307 3894 Hygin.
335 3834 399 3893 cap.
423 3814 473 3875 14.
509 3818 645 3895 Rutgera.
665 3816 701 3875 V.
730 3815 766 3873 L.
793 3809 847 3873 lib.
873 3817 914 3877 Π.
942 3835 1007 3894 cap.
1029 3820 1097 3877 18.
1132 3810 1191 3878 vix

132 3911 244 3962 notatu
266 3898 408 3979 dignum,
436 3899 496 3960 nisi
525 3901 591 3979 quis
617 3898 776 3979 depravata
794 3895 921 3959 lectione
940 3897 1078 3980 deceptus
1099 3899 1192 3963 alium

132 3988 241 4046 forsan
262 3985 332 4045 inde
348 4006 465 4045 sensum
486 3998 607 4060 erueret,
627 3983 887 4064 quemadmodum,
904 3996 1025 4048 notante
1038 3989 1192 4049 Harduino

137 4071 176 4131 d.
195 4068 235 4147 1.,
263 4073 370 4131 Portus
391 4072 429 4131 ad
451 4072 561 4134 Suidae
586 4068 687 4132 locum
707 4089 741 4134 v.
785 4062 957 4152 Νίκανδρος
983 4073 1052 4135 hinc
1072 4073 1110 4134 de
1132 4090 1194 4132 men

135 4155 270 4215 retricio
287 4175 368 4215 more
388 4157 563 4218 etvenrtbrn
579 4156 750 4235 somniavit,
771 4169 801 4218 et
815 4155 935 4236 Gyrald.
952 4162 1195 4244 mmmmm.

143 4240 294 4323 corruptis
313 4239 424 4302 Suidae
443 4257 471 4302 et
490 4243 631 4305 schoeni
653 4241 726 4328 lucia
744 4243 883 4326 deceptus
903 4263 957 4326 ptr
974 4243 1130 4304 &daseia
1150 4246 1196 4304 in·

936 4341 1003 4419 (32
