2648 4792
1046 283 1116 357 ’59

57 481 160 530 crum
186 458 263 530 eius
290 452 427 554 absque
446 450 522 531 ulla
542 450 806 554 intermissique
832 450 1022 547 fleverunt,
1051 460 1115 536 d0.

56 601 124 650 nee
150 599 210 651 eas
236 574 485 672 Dianarirga
509 583 626 673 tactae
647 569 693 672 ιιι
713 593 803 673 ιιιειι
820 576 987 672 mutavit,
1000 583 1117 675 ,etin

57 694 195 769 Lerum
219 692 378 793 insulam
403 689 624 794 deportavit,
656 689 826 792 imposito
851 691 1118 795 Meleagridum

56 814 214 888 nomine
240 826 358 913 atque
385 835 449 884 eae
475 810 689 909 etiamnum
716 824 814 883 certo
840 813 930 886 anni
945 828 1115 916 tempore
1161 864 1167 883 .

56 932 228 1007 dicuntur
252 931 479 1032 Meleagrum
500 908 663 1029 lugere
674 904 780 1015 Duae
808 943 931 1025 autem
955 931 1001 1006 de
1025 935 1117 1017 filia·

54 1051 125 1126 hus
149 1048 361 1145 Althaeae,
372 1050 496 1150 Gcrgo
526 1061 562 1120 et
579 1047 754 1145 Deianira
773 1047 942 1149 seruntur
958 1050 1121 1159 fqrmam

56 1197 130 1245 non
154 1185 334 1265 mutasse,
369 1167 548 1283 beneficio
572 1162 734 1262 Bacchi,
770 1169 832 1247 eui
857 1195 937 1246 eam
962 1152 1118 1289 gratiam

57 1291 177 1375 Diana
204 1289 413 1375 feceritm

156 1413 265 1517 Haec
290 1417 340 1482 et-
339 1378 623 1519 praecedens
607 1380 796 1496 narratio
807 1433 857 1480 ex
881 1357 996 1482 tertio
1022 1408 1116 1497 libra
1209 1404 1219 1427 ³

56 1502 247 1606 Nicandri
261 1527 309 1630 de
331 1507 625 1628 muiaiicnidua,
635 1551 705 1609 seu
724 1528 822 1612 alter
814 1510 1013 1617 ationidus
1027 1533 1118 1635 for-

57 1674 207 1746 marum
232 1618 428 1725 desumtac
451 1655 550 1746 aunt
591 1646 696 1739 Quae
720 1645 902 1742 sequitur,
929 1648 1024 1725 Bcei
1047 1650 1115 1736 ccl,
1210 1720 1215 1734 ,

59 1764 153 1841 libro
179 1767 227 1840 de
252 1764 396 1873 Αρίιιιιι
420 1775 538 1865 ιιιίιι,1
551 1763 638 1843 eive.
659 1764 943 1864 Ornithcgcnia.

159 1902 248 1978 Gur.
272 1902 343 1979 lll.
359 1898 437 1977 Hi
445 1927 572 1975 erare.
623 1901 709 1987 Eut
735 1903 833 2004 apud
857 1880 1116 1999 Mariandynos'

59 2020 221 2127 Hierax‘,
257 2022 316 2095 vir
340 2021 477 2114 iustus,
511 2036 548 2095 et
568 2021 752 2103 illustris·
777 2021 811 2096 is
834 2022 971 2125 templa
996 2023 1121 2099 Cereri

56 2143 197 2242 posuit,
230 2140 481 2243 plurimosque
513 2159 563 2214 ex
581 2157 632 2225 >ea
663 2140 806 2216 fructus
840 2144 1015 2244 percepit.
1048 2145 1116 2219 nt

56 2275 250 2362 postquam
274 2258 414 2334 Teucri
438 2274 601 2360 tempore
626 2259 794 2360 legitimo
820 2263 1120 2364 saeraNeptunn

55 2405 130 2453 non
155 2378 425 2480 persolverunt,
459 2377 525 2450 sed
550 2401 706 2479 caprae
724 2370 961 2477 negligentia
987 2382 1120 2455 omise-

55 2513 163 2591 runt,
195 2496 406 2595 indignatus
431 2494 620 2597 Neptunus
643 2495 772 2594 fruges
794 2521 922 2573 eorum
947 2498 1120 2598 perdidit,
1218 2487 1224 2507 '

55 2620 316 2717 ingentemque
341 2616 481 2690 amari
507 2629 628 2688 cetum
652 2615 743 2716 ipsis
767 2615 933 2690 immisit.
965 2615 1131 2694 Teucri

57 2762 144 2811 cum
168 2750 248 2809 ceto
273 2733 385 2809 simul
409 2747 446 2806 et
470 2732 561 2809 sami
584 2730 735 2809 ferendo
750 2730 791 2836 *)
818 2760 904 2808 non.
917 2751 1046 2830 essent,
1072 2734 1134 2813 ad*

56 2856 251 2934 Hieracem
275 2855 464 2947 miserunt,
484 2854 552 2954 qui
576 2852 759 2927 auxilium
786 2853 958 2929 adversm
982 2853 1120 2930 famem
1189 2836 1191 2849 i

57 2973 105 3051 ab
122 2988 387 3076 eoposeerent.
408 2972 514 3072 isque
535 2998 619 3047 cum
634 2973 810 3066 triticum,
832 2988 911 3047 mm
931 2973 1003 3047 alia
1019 2977 1121 3049 nnsit

25 3072 28 3085 ’
58 3091 240 3167 alimenta.
272 3076 442 3172 'Irritatus
469 3117 512 3165 eo
536 3090 633 3166 facto
659 3091 860 3193 Neptunus,
886 3091 935 3165 oh
949 3118 1045 3167 suos
1071 3092 1120 3165 ab
1252 3104 1254 3109 ·

58 3237 102 3286 eo
126 3209 286 3286 honores>
309 3210 534 3305 deminutus,
567 3211 607 3284 in
641 3235 746 3283 avem
779 3212 903 3311 ipsum
927 3212 1119 3296 convertit,

59 3355 153 3432 qnae
178 3355 277 3406 nunc
301 3330 451 3407 Graecis
476 3330 629 3424 Hierax,
654 3315 840 3431 Accipiter
864 3331 1004 3407 Latinis
1030 3332 1123 3412 dicis

59 3464 129 3525 tur.
179 3450 300 3524 Mares
326 3475 475 3548 quoque
503 3451 586 3533 eius
612 3449 786 3550 pristinos
812 3451 961 3550 prorsus
985 3453 1121 3533 imum,

56 3569 167 3644 tavit:
194 3595 280 3643 eum
296 3568 393 3641 enim
412 3570 480 3668 qui
496 3565 708 3648 hominibus
727 3567 847 3643 suerat
870 3567 1119 3661 charissimus,

56 3686 271 3762 volucribus
297 3686 561 3762 invisissimum
578 3686 755 3765 reddidit:
783 3704 820 3763 et
845 3692 912 3789 qui
936 3689 991 3763 ab.
1007 3691 1121 3763 inter-

55 3810 113 3882 itu
137 3807 270 3881 multos
297 3804 465 3881 homines
484 3808 744 3896 vindicaverat,
768 3807 863 3884 fecit
879 3824 921 3883 ut
935 3808 977 3901 lis
1003 3806 1122 3908 pluri-

54 3949 136 4012 mas
160 3940 307 4002 necaret
331 3951 425 4002 aves.
628 3922 633 3929 ’

101 4149 131 4239 *)
154 4122 334 4251 Vemeylius
345 4148 515 4241 ferendae.
628 4182 630 4187 ι
