2648 4792
159 307 225 393 'ruo

164 511 336 583 terpretatus
359 512 412 562 est.
455 503 513 560 Sed
536 499 703 581 genuinam,
727 519 815 576 quam
836 499 1011 576 Antoninus,
1036 511 1064 557 et
1088 497 1213 579 Stepha-

164 608 219 646 nus
240 591 313 666 Byz.
334 605 367 648 v.
391 574 622 661 Ἆσπαλάθεια,
644 585 787 645 dederunt
808 583 980 657 lectionem,
1003 584 1132 644 restituit
1154 590 1212 644 Ku-

164 687 276 748 status,
304 673 467 752 vertitquer
505 672 542 730 ris
566 671 743 750 corporibus
766 675 799 729 in
828 672 911 730 alias
923 671 1051 749 formas
1074 674 1210 731 mutatis.

163 758 224 818 Alii
249 757 342 820 aliter.
384 765 429 819 De
449 758 562 819 Pinedo
590 761 727 816 Graecam
755 778 862 816 vocem
891 758 1039 817 servavit:
1076 760 1210 816 Graecam

163 847 252 905 etiarn
281 842 424 920 Ovidius,
453 847 479 904 si
508 836 626 923 quidem
657 845 693 900 ah
722 863 758 902 eo
786 845 857 902 haec
886 858 930 902 est
957 842 1129 924 epigraphe.
1178 848 1211 903 ht

161 930 264 991 eadem
282 953 313 990 re
330 945 480 992 versantes
496 943 613 991 secutus
635 941 687 1000 est,
705 928 755 988 vel
774 930 928 1010 descripsit
943 931 1123 1001 Antoninus,
1141 951 1212 1008 quos

161 1018 271 1098 passim
292 1015 392 1074 laudat
413 1017 512 1096 (unde
531 1018 630 1076 forsan
654 1003 934 1094 Μεταμορφώσεων
956 1005 1138 1115 Συναγωγή)
1162 1016 1211 1075 Di-

163 1101 315 1180 dymarchi
339 1092 622 1182 Μεταμορφώσεις,
650 1103 832 1182 Antigonum
862 1099 895 1161 ἐν
922 1107 990 1170 ταῖς
1012 1094 1210 1173 Ἀλλοιωσεσι,

137 1246 140 1255 ,
163 1190 322 1249 Corinnam
344 1184 378 1246 ir
394 1184 580 1268 Ἑτεροιόις,
596 1220 599 1224 *
615 1188 792 1247 Nicandrum
816 1188 847 1247 in
870 1181 1149 1267 Ἑτεροιουμένοις,
1183 1201 1210 1246 et

156 1263 275 1335 'Boeum
297 1270 332 1332 ἐν
347 1267 576 1357 Ὀρνιθογονίᾳ.
628 1270 688 1333 Alii
711 1272 841 1332 eiusdem
869 1268 1033 1359 argumenti
1056 1274 1210 1356 scriptores

162 1373 360 1422 memorantur
388 1361 471 1424 Viris
495 1364 533 1421 D.
568 1358 605 1420 ad
635 1359 736 1422 Ovidii
771 1360 1048 1439 metamorphoseon
1064 1360 1068 1365 '
1084 1358 1209 1422 initium.

161 1447 327 1508 cauabant
348 1446 381 1506 in
399 1447 551 1507 Athenaeo
570 1457 636 1527 pro‘
651 1442 687 1505 ἓν
704 1446 859 1525 τρίτῳ...
902 1439 1074 1526 Εὐρωπίας
1090 1446 1208 1531 legentis

155 1527 414 1612 Ἑτεροιουμένων
435 1533 631 1595 coniecturam
652 1532 828 1591 damnarunt
848 1533 935 1592 etiam
950 1534 1075 1595 Vossius
1097 1548 1126 1594 et
1139 1538 1208 1596 Rut-

153 1619 272 1698 pertius
293 1619 324 1682 d.
345 1618 375 1680 d.
395 1618 418 1682 l.
436 1619 458 1682 Ι.
502 1623 634 1692 Quorum
654 1617 733 1691 iilejz·
751 1618 874 1677 Summo
894 1621 962 1676 viro
983 1639 1045 1677 non
1066 1620 1208 1693 obuersa-

160 1705 254 1763 batur
285 1706 372 1763 iosus
400 1703 551 1784 Stephani
577 1726 610 1767 v.
632 1694 752 1777 Ἄθως,
789 1703 845 1764 ubi
873 1706 1000 1784 quintus
1030 1698 1208 1783 Εὗρωιτείος

152 1776 335 1872 Narcissique
357 1790 492 1848 citatur:
522 1792 596 1868 Hic,
618 1791 691 1874 fuit
710 1802 833 1864 autem,
855 1789 1033 1869 inquit,'·iu¹
1053 1784 1208 1850 Nicandri

157 1896 252 1953 opus,
289 1894 349 1956 quo
370 1874 495 1933 videtur
515 1877 676 1956 Europam
699 1876 912 1954 descripsisse,
951 1888 980 1935 et
1008 1897 1091 1955 quae
1118 1878 1152 1937 it
1173 1895 1207 1934 eo

158 1972 328 2021 memoratu
349 1959 448 2038 digna
470 1962 683 2021 susurrabant.
730 1962 781 2020 Sic
799 1963 952 2022 Sternitur
974 1965 1040 2020 eius
1059 1974 1089 2037 et
1104 1966 1206 2022 Διτο-

156 2060 233 2103 τ.ιοι
252 2058 282 2104 et
303 2049 480 2122 Bosorrot,
504 2057 534 2104 et
554 2046 590 2104 id
599 2067 700 2128 genus
714 2047 783 2106 alte
798 2050 922 2126 passim
939 2058 1057 2106 vetms
1078 2051 1205 2128 scripto·

156 2131 368 2192 res-laudant.
417 2134 519 2211 Neque
549 2134 636 2192 etiam
665 2133 739 2197 ratio
765 2133 915 2212 procedit,
945 2152 997 2193 cur
1016 2131 1094 2194 illud
1114 2138 1205 2211 Euro-

153 2215 273 2295 piaoum
302 2236 378 2298 opus
407 2217 568 2296 reficiatur,
606 2220 686 2300 quod
716 2240 823 2298 nempe
852 2220 889 2279 de
911 2219 1016 2280 Glauci
1047 2221 1204 2280 mutatione

152 2322 250 2363 sermo
268 2305 336 2379 fiat,
356 2303 593 2384 quandoquidem
615 2303 649 2364 ἐν
669 2311 737 2376 τοῖς
757 2299 958 2384 Αἰτωλικοῖς,
989 2326 1064 2384 quae
1084 2308 1204 2367 subiun—

151 2387 195 2469 git
212 2387 400 2468 Athenaeus,
429 2390 560 2451 eiusdem
583 2390 686 2453 Glauci
715 2389 869 2451 historiam
891 2370 1096 2473 persequitur,
1127 2393 1203 2473 qood

149 2487 249 2535 tamen
277 2476 309 2536 in
335 2473 370 2534 έν
401 2481 469 2546 τοῖς
493 2469 754 2557 Ἑτεροιουμένοις
791 2479 857 2556 quis
895 2480 974 2537 dicat
1004 2474 1202 2540 mutandum?

151 2563 240 2661 Certq
257 2560 364 2623 Schol.
373 2561 474 2641 Apoll.
492 2562 589 2640 Rhod.
611 2563 665 2628 lib.
683 2568 733 2628 IV.
752 2574 790 2626 v:
801 2567 852 2626 57.
887 2559 1059 2644 Νίκανδρος
1080 2562 1115 2625 ἐν
1133 2558 1203 2626 δευ-

150 2643 229 2724 τέρω
251 2637 432 2727 Εὐρώπης,Ι
446 2647 527 2726 quod
548 2653 682 2732 Rutgers.
704 2650 735 2712 d.
756 2640 777 2711 i.
799 2662 876 2710 recte
894 2652 972 2711 vidit
992 2672 1118 2712 numero
1145 2673 1201 2712 non

123 2741 126 2748 '
150 2743 299 2810 constare,
327 2732 564 2812 quandoquidem
582 2736 620 2794 de
642 2737 749 2816 quibus
773 2735 815 2794 ibi
834 2757 930 2797 sermo
949 2751 1009 2815 est,
1036 2739 1070 2797 in
1093 2749 1201 2820 quarto

148 2816 212 2875 eius
231 2819 328 2897 operis
345 2816 421 2878 libro
443 2820 637 2899 reperiuntur.
679 2826 780 2884 Vsus.

234 2906 422 2984 Pag.-s,1.
467 2905 569 2965 Kaio
590 2901 769 2989 τὸγένος
794 2901 1077 2989 ἒξἸουλίδος]
1107 2911 1199 2972 Strata

146 3008 215 3087 pag.
245 2990 320 3054 486.
349 3011 422 3051 mox
451 2991 631 3055 Mouchero·
653 2996 704 3056 cit.
756 2990 846 3063 Κέως
871 2988 907 3056 δὲ
934 2988 1125 3076 τετράπολις.
1148 2988 1200 3074 μὲν

146 3069 280 3154 annisis·
310 3069 452 3139 λείπεται
479 3071 516 3136 di
544 3066 602 3138 δύο
629 3064 685 3160 ἥτε
705 3073 815 3149 ’Ῑοολὶς
835 3076 888 3140 καὶ
914 3074 934 3160 ἡ
956 3080 1125 3161 Καρθαίο.
1148 3094 1200 3142 oet.

144 3159 288 3240 Stephan.
318 3164 357 3224 de
378 3163 456 3225 Urh.
484 3184 518 3227 v.
541 3157 651 3236 ’Ῑουλὶς
678 3188 730 3241 sua
761 3189 778 3229 e
807 3168 951 3229 Strabone
979 3168 1096 3240 hausit,
1135 3170 1199 3250 ipso

142 3260 320 3325 agnoscente
344 3247 497 3322 usitatio,
534 3253 614 3312 unde
642 3254 743 3313 mirari
768 3253 867 3328 subit,
906 3275 959 3313 cur
986 3253 1198 3317 nonnullorum

140 3330 241 3477 (ispi.
260 3334 320 3394 fide
339 3336 450 3412 fretus,
473 3338 606 3398 omnium
627 3339 818 3420 vulgatorum
840 3337 1008 3416 lectionem,
1029 3341 1098 3421 ipso
1118 3344 1199 3404 Stra-

202 3438 220 3478 s
246 3419 364 3495 invito,
393 3424 548 3504 spreverit.
587 3415 714 3500 Ἰουλὶς,
744 3411 836 3493 πόλις
867 3423 901 3485 ἐν
929 3423 1002 3504 Κέῳ
1031 3423 1074 3508 τῇ
1102 3415 1197 3506 νήσω,

139 3501 221 3581 quod
248 3505 282 3568 in
303 3503 363 3584 in
387 3520 535 3570 mutatum
563 3507 631 3573 ivit.
680 3513 772 3590 Atqui
797 3509 860 3570 'alia
876 3511 988 3572 'insula
1019 3509 1114 3589 Κῶς,
1142 3513 1197 3573 alia

137 3586 238 3660 Κέως.
281 3595 343 3654 Has
372 3594 493 3675 quidem
520 3597 599 3656 inter
628 3615 661 3657 se
689 3617 902 3676 nonnunquam
932 3597 1075 3658 confundi
1098 3611 1198 3660 monet

136 3673 308 3742 Broukhus.
327 3679 366 3740 ad
390 3683 523 3762 Propert.
544 3680 597 3743 tib.
617 3685 643 3745 1.
667 3688 793 3747 11.12.
843 3683 931 3744 Illam
952 3704 1025 3745 vero
1046 3684 1079 3744 i'n
1103 3687 1196 3761 Caria,

135 3757 213 3822 hano
232 3762 267 3826 in
289 3768 407 3849 Aegaeo
428 3767 504 3827 mari
524 3770 611 3828 sitam
632 3766 721 3829 docet
746 3767 862 3848 Micyll.
884 3769 921 3829 ad
943 3768 1033 3831 ovid.
1055 3769 1110 3834 lih.
1133 3776 1196 3836 vn.

136 3846 208 3908 Met.
226 3866 260 3912 v.
282 3856 354 3918 368.
406 3850 490 3915 Citra
519 3854 600 3914 idem
625 3854 745 3919 Heroid.
767 3862 825 3936 Ep.
849 3861 918 3918 XX.
931 3875 972 3918 υ.
996 3861 1072 3918 221.
1122 3858 1195 3917 Cin·

133 3931 223 4007 gitur·
243 3935 363 4016 Aegeo,
385 3939 506 4009 τιοιιιίτιτ
531 3938 608 4018 Ceu,
633 3945 725 4004 mari.
768 3941 855 4006 Unde
876 3942 1007 4017 Κοίυιν,Ξ
1021 3964 1077 4022 pro
1101 3933 1194 4004 Κόων

134 4013 213 4094 sputi
233 4019 387 4088 Menandr.
407 4037 437 4084 et
454 4025 602 4088 Heraclid.
624 4026 695 4110 περὶ
715 4030 786 4088 πολ.
810 4041 887 4089 recte
909 4029 945 4088 ad
967 4025 1088 4093 Aelian.
1105 4036 1143 4095 V.
1158 4035 1193 4091 H.

132 4096 258 4166 iihffl.
280 4126 344 4191 cap.
367 4114 420 4173 st.
439 4111 595 4172 vindicant
614 4116 677 4176 Viri
697 4119 738 4176 D.
751 4113 886 4178 Eustath.
909 4116 945 4175 ad
967 4118 1061 4179 Hom.
1085 4120 1193 4198 Odyss.

127 4189 166 4254 X·
187 4204 221 4253 v.
237 4194 314 4258 869.
342 4193 439 4265 Krios
458 4183 520 4258 irco*
539 4195 614 4285 Κέω
633 4194 691 4281 τῆς
710 4193 819 4280 νήσου.
851 4201 932 4266 Idem
957 4201 1064 4264 iisdem
1091 4204 1192 4267 verbis
